2880 4974
508 458 669 524 Lmen
696 417 765 526 ix.
1132 483 1174 526 αι

15 629 16 646 .
102 615 252 686 puerum,
267 589 584 658 Herminmnominc
594 643 604 676 ,
615 589 764 658 similiter
778 591 884 658 maria
898 589 1178 683 perequitantem,

15 711 16 802 J
101 724 201 792 quum
217 697 400 788 repentinae
412 693 567 790 procellae
578 695 733 766 fluctibus
751 698 959 765 exanimatus
979 710 1080 784 esset,
1101 696 1180 766 rela-

15 1993 18 2122 l

15 817 16 842 ¹
102 819 168 872 tum
192 802 484 896 :delphinumque
506 827 640 872 causam
655 802 712 871 leti
734 803 896 872 latentem
917 828 986 872 non
1007 828 1179 874 reversum

102 911 130 977 in
151 911 276 997 maria,
291 923 390 1003 atque
408 911 442 978 in
463 911 552 978 sicco
570 911 763 1004 exspirasse.
786 913 861 980 Hoc
882 909 969 978 idem
983 908 1005 934 ¹²
1029 923 1062 978 et
1082 911 1179 980 Nau-

101 1019 186 1112 pacti
209 1016 367 1084 accidisse
382 1015 633 1110 Theophrastus
652 1015 761 1084 tradit.
785 1019 858 1084 Nec
876 1015 995 1085 modus
1011 1017 1179 1112 exemplo-

102 1150 182 1192 rum.
206 1123 336 1191 Eadem
357 1121 571 1217 Amphilochi
589 1137 623 1192 et
637 1123 807 1192 Tarentini
817 1105 840 1146 ¹³
856 1122 897 1192 de
918 1123 1029 1218 pueris
1049 1121 1179 1219 delphi·

102 1232 215 1324 nisque
233 1243 382 1297 narrant.
405 1229 489 1318 Quae
509 1229 652 1317 faciunt,
671 1243 709 1298 ut
735 1229 890 1298 credatur
915 1232 1073 1299 Arionem
1095 1256 1177 1326 quo·
1197 1262 1213 1312 7

102 1324 208 1430 que¹l,
227 1334 451 1405 citharoedicte
479 1335 558 1406 artis
574 1321 610 1423 ¹⁵,
638 1336 825 1406 interficere
839 1337 949 1426 nautis
967 1339 1001 1405 in
1021 1339 1106 1406 mari
1119 1363 1178 1434 po-

102 1444 267 1528 rantibus,
279 1443 322 1511 ad
342 1442 600 1538 intercipiendos
615 1443 686 1537 ejus
705 1457 851 1538 quaestus
859 1428 894 1527 ¹⁶,
911 1441 1130 1532 eblanditum,
1140 1460 1179 1514 ut

102 1553 189 1643 prins
201 1564 339 1620 caneret
351 1549 523 1638 cithara¹⁷,
542 1553 752 1646 congregatis
768 1564 869 1619 cantu
883 1549 1062 1645 delphinis,
1073 1575 1177 1645 quum

101 1698 168 1750 citat.
182 1708 208 1748 et
219 1695 381 1749 Plutarchus
392 1737 400 1758 ,
412 1696 459 1748 lib.
472 1695 506 1748 de
519 1695 613 1750 Solert.
659 1695 778 1768 effigiem
801 1714 879 1750 casus
906 1709 932 1750 et
952 1695 1009 1750 veri
1025 1697 1111 1768 operis
1131 1717 1177 1750 ex·

102 1777 210 1830 Animal.
221 1796 283 1848 pag.
300 1776 362 1841 984.
377 1775 470 1830 Hsnu.
658 1795 750 1847 pressa
776 1796 845 1832 rere:
867 1791 997 1850 preterea
1016 1791 1122 1850 tempus
1143 1777 1177 1830 si·

137 1876 175 1910 rs.
195 1863 251 1908 Hoc
272 1860 347 1914 idem.
363 1855 490 1909 Totidem
512 1855 614 1918 verbis,
658 1869 783 1928 gnatum:
796 1857 959 1931 Olympiade
973 1860 1045 1914 enirn
1057 1857 1177 1913 undetri-

102 1935 206 1990 laudato
217 1937 298 1990 etiam
309 1935 614 2008 Theophrasto,Gellius
657 1936 772 2007 gesimo,
799 1943 901 2009 quain
922 1939 1068 1993 certamine
1087 1940 1176 1994 Siculo

102 2015 143 2068 hb.
155 2011 322 2102 vt1‚cap,8‚
335 2035 394 2088 pag.
409 2015 614 2078 418AExThe0·
657 2014 729 2068 idem
752 2017 836 2070 Arion
864 2017 950 2072 victor
978 2017 1116 2080 scribitur,
1147 2018 1176 2072 id

102 2095 198 2165 pbrnsti
212 2099 334 2168 ἐρωτικῷ,
347 2094 420 2163 quod
435 2095 613 2148 abhthenaeo
657 2094 746 2166 ipsum
767 2109 870 2168 gestum
888 2099 1024 2168 probatur.
1039 2123 1050 2144 ι
1070 2097 1106 2150 At
1120 2117 1174 2150 non

102 2174 234 2238 laudetur,
252 2177 314 2229 loco
324 2176 447 2248 proxime
457 2175 612 2247 appellato,
657 2175 834 2228 citharoedum
860 2177 957 2240 modo,
983 2176 1030 2230 sed
1054 2189 1080 2230 et
1106 2197 1176 2230 mer-

102 2257 172 2310 nobis
183 2256 211 2309 id
222 2269 364 2328 acceptum
375 2253 490 2310 ridetur.
502 2255 593 2306 Hsnn.
657 2267 743 2327 tyrem
757 2256 837 2310 laude
856 2257 989 2327 insignem
1012 2276 1026 2309 e
1046 2255 1175 2330 delphino

136 2337 175 2389 13.
183 2336 402 2405 Amplitoctt.vel
410 2335 609 2408 Amphilochii:
656 2334 809 2406 depositum
820 2335 893 2409 apud
905 2339 999 2389 urbem
1009 2337 1174 2390 Nicomediae

103 2419 179 2484 gentis
196 2417 270 2468 enirn
287 2415 335 2480 id,
361 2427 391 2467 ut
409 2427 536 2486 apparet,
556 2434 611 2468 non
655 2415 842 2487 Helenopolim
853 2417 1174 2488 Philostorgioproditum

15 2499 16 2516 ¹
103 2495 201 2566 oppidi,
213 2513 312 2549 nomeu
324 2508 373 2559 est,
384 2495 514 2550 scribente
525 2497 611 2550 Cesa-
657 2507 711 2559 est,
724 2495 826 2548 Eccles.
836 2497 905 2549 ttist.
915 2496 963 2550 lib.
976 2498 997 2548 Ι.
1012 2496 1101 2550 Henn.

103 2574 187 2634 re,de
199 2576 274 2628 Bello
285 2574 365 2630 Civili
379 2575 425 2627 lib.
441 2575 527 2644 111,p.
542 2575 610 2627 181:
697 2573 738 2628 15.
767 2579 936 2628 Citharoedicce
963 2580 1032 2629 artis.
1058 2577 1098 2628 De
1121 2577 1173 2630 bac

103 2653 609 2725 -AEtolie,Aenmsnin,dmplrilochis‚
656 2654 743 2706 forma
766 2655 894 2726 loquendi
913 2653 1032 2708 dicemus
1054 2657 1084 2708 in
1103 2657 1172 2708 uotis

102 2751 144 2801 per
159 2733 279 2787 Gessium
296 2733 462 2802 Longinum,
481 2745 506 2786 et
518 2733 608 2786 Calvi·
654 2732 689 2786 ed
699 2733 800 2786 librum
809 2737 897 2801 XXV,
909 2753 984 2788 num.
1002 2754 1026 2788 r.
1043 2735 1136 2788 Hsnn.

102 2811 163 2864 sium
178 2812 318 2878 Sabinum,
328 2812 450 2883 receptis.
460 2837 471 2858 ι
486 2815 526 2864 De
539 2815 609 2885 Argo
693 2817 733 2868 16.
743 2819 787 2866 Ad
791 2817 980 2882 intercipiendos
990 2817 1042 2883 ejus
1056 2832 1172 2883 quastus.

101 2888 519 2964 nibilominnsdmphilochicoin
529 2896 609 2946 Acar·
654 2895 692 2946 Ut
713 2896 856 2968 pecuniam
875 2896 1027 2962 auferrent,
1050 2915 1131 2968 quam
1151 2897 1173 2948 is

101 2972 180 3028 uenite
202 2993 251 3027 orn
273 2973 390 3036 Plinius,
414 2972 462 3026 lib.
477 2974 525 3036 IV,
544 2993 569 3026 c.
586 2994 611 3040 s,
655 2986 712 3029 arte
725 2995 770 3029 sua
786 2976 949 3047 qnaesivernt.
962 2977 1062 3028 Dieuc.

101 3053 168 3123 quod
180 3056 266 3124 Argos
276 3051 495 3124 Amphilochium
507 3072 522 3105 s
533 3053 611 3108 Livio
694 3075 735 3126 17.
751 3063 781 3108 Ut
790 3059 859 3124 prius
877 3070 979 3108 caneret
992 3058 1096 3108 cithara.
1115 3057 1173 3108 Mn·

99 3134 225 3205 appellari
235 3132 360 3186 diximus.
372 3131 462 3184 Hinn.
655 3153 735 3206 guam
747 3137 803 3192 vim
818 3136 931 3190 musices
940 3156 996 3189 non
1006 3137 1092 3200 solum
1102 3136 1131 3188 in
1141 3157 1172 3188 ea

135 3221 174 3278 14.
187 3217 307 3266 Arionem
324 3233 432 3281 quoque.
451 3214 496 3264 Τὸν
514 3203 610 3283 Ᾰρίονα.
655 3234 714 3286 quae
732 3217 835 3270 ratione
853 3229 958 3280 carent,
983 3215 1030 3270 sed
1048 3217 1130 3270 etium
1144 3218 1171 3268 iu

100 3293 162 3346 Rern
170 3306 281 3346 narrant
289 3293 375 3346 multo
386 3291 517 3365 prolixius
526 3291 610 3346 Hero-
654 3295 929 3368 animoscorporsque
939 3295 1172 3362 bominum,vide
1231 3317 1233 3324 ⁴

16 3401 17 3406 =
100 3371 173 3425 dotus
182 3412 189 3436 ,
198 3373 270 3436 Clio,
281 3373 327 3426 lib.
346 3373 375 3440 I,
386 3391 462 3426 num.
477 3374 520 3438 sd,
536 3393 562 3444 p·
575 3391 606 3442 93
654 3377 728 3448 apud
741 3379 877 3448 Magium,
888 3379 934 3430 lib.
948 3378 998 3441 IV,
1008 3396 1069 3449 cap.
1084 3378 1115 3430 13
1126 3413 1134 3441 ,
1145 3390 1172 3429 et

100 3451 246 3522 Oppianus,
261 3452 378 3504 Helieut.
394 3452 484 3516 lib.V,
495 3473 522 3506 v.
540 3453 609 3520 4503
655 3458 810 3529 Carpeutnr.
828 3475 907 3530 super
934 3457 980 3510 lib.
999 3455 1040 3508 VI
1062 3457 1170 3510 Aristot.

16 3589 17 3592 Ἴ
100 3530 381 3597 Tzetzes,Chiliad.1,
396 3549 465 3584 vers.
481 3536 543 3599 393,
557 3545 611 3588 ete
655 3533 689 3588 de
710 3535 798 3588 divina
811 3555 866 3608 sup.
877 3540 986 3610 AEgypt.
1007 3551 1033 3590 et
1045 3537 1169 3590 Martisn.
1257 3533 1260 3539 ’

16 3603 17 3634 l
100 3611 195 3664 Latinis
203 3611 320 3673 Gellius,
339 3611 385 3666 lib.
401 3612 481 3677 XVI,
490 3631 548 3684 cap.
566 3631 609 3681 19,
654 3614 754 3685 Capell.
766 3615 896 3687 Philolog.
909 3616 953 3668 lib.
965 3616 1019 3680 1x,
1031 3635 1090 3687 pag.
1101 3617 1170 3684 369;

100 3709 125 3760 p.
139 3699 206 3760 914;
223 3691 320 3764 Hygin.
336 3692 392 3744 fab.
404 3698 466 3758 914.
486 3692 609 3764 Denique
653 3694 776 3765 Apollon.
786 3693 854 3748 Hitt.
865 3695 960 3748 Mirab.
975 3715 1001 3767 p.
1017 3697 1062 3758 483
1073 3695 1168 3747 Roeth.

99 3769 353 3842 Solinus,cnp.v11,
366 3790 428 3842 pag.
442 3790 473 3823 sn
487 3788 493 3823 :
506 3798 518 3817 α
527 3772 574 3824 Est
584 3784 610 3824 et
654 3773 748 3826 Music.
756 3774 785 3826 in
794 3775 906 3846 princip.
919 3776 1048 3828 Ceterum
1059 3773 1087 3826 id
1097 3775 1170 3845 quod

100 3849 225 3902 Taenaron
235 3850 449 3922 promontorium
468 3849 609 3904 adversum
653 3853 687 3906 de
700 3854 726 3908 vi
740 3857 798 3927 ejus
810 3855 837 3906 in
849 3855 948 3908 morbis
960 3851 1119 3925 quibusdam
1127 3873 1172 3907 cu-

101 3929 205 3995 Africae,
219 3931 317 4004 iuquit,
334 3931 367 4004 in
388 3950 442 4004 quo
462 3931 555 3985 lenum
568 3944 608 3986 est
652 3933 745 3988 randis
758 3935 899 4002 scribitur,
912 3934 1107 3987 dubitationem
1124 3935 1172 3986 ba·

102 4007 268 4082 Methymntei
278 4010 403 4075 Arionis,
412 4029 493 4083 quem
503 4010 609 4084 delphi·
652 4013 717 4066 bere
727 4052 735 4077 ,
758 4015 795 4068 nit
815 4016 913 4068 Muret.
934 4015 998 4068 Ver.
1017 4015 1101 4068 Lectt.
1124 4013 1170 4066 lib.

102 4105 133 4144 ne
141 4108 172 4142 eo
182 4089 321 4146 advectum
333 4089 421 4164 imago
434 4092 505 4144 testis
515 4103 566 4160 est,
575 4092 609 4146 ed
654 4094 730 4160 XIV,
750 4115 809 4166 esp.
818 4099 844 4150 6.
857 4096 957 4147 Donec.

1003 4189 1040 4265 23
