2880 4974
308 376 356 458 aa
573 383 610 449 c.
640 385 951 460 amalasar.
981 398 1109 465 urst.

309 506 343 574 in
370 509 527 580 Danubio
537 497 559 536 ¹³
587 520 703 588 marris
731 524 934 612 extrahitur,
955 529 1094 622 porculo
1120 535 1249 602 marino
1277 538 1390 606 simil-

308 719 391 766 Moeno
404 720 543 772 Gemanica
554 729 734 791 arnrteprotelis
742 731 822 789 boum,
864 735 1029 789 commodus.
1046 739 1115 790 Dar..
1136 771 1171 780 -
1184 745 1284 794 Pmtelis
1295 747 1389 798 boum.

309 808 334 846 et
343 797 368 846 iu
381 802 493 850 Danubio
502 805 591 854 marris
599 809 820 876 exuaditurporco
863 815 1009 867 Plurimum
1029 835 1115 887 operm
1137 837 1169 872 ac
1192 822 1291 892 negotii
1308 823 1388 877 Rhe.

311 877 407 928 mariuo
424 881 566 936 simillimus.
585 885 679 938 abhis
694 887 821 950 vocibus,
862 912 934 946 uano
944 895 1063 948 exhibuit
1073 897 1179 968 vulgata
1192 900 1280 964 lectio,
1297 923 1388 971 prope

307 957 431 1024 praecipue
443 961 469 1010 iu
487 966 584 1024 trono,
605 984 680 1018 novae
694 968 820 1021 orationis
864 977 985 1040 Lisboum,
995 975 1069 1028 sedes
1078 976 1169 1030 Lisboi
1178 979 1389 1053 oppidiubique

308 1033 414 1088 initium
437 1038 549 1094 facimus
563 1061 570 1095 :
591 1063 742 1116 quanquam
761 1047 822 1100 libri
863 1051 1013 1124 inquirenti.
1023 1055 1078 1108 Nos
1092 1069 1235 1112 extremam
1247 1059 1329 1132 hujus
1341 1065 1389 1116 lo-

309 1114 429 1186 impressi
444 1119 478 1172 ad
493 1123 647 1193 superiora,
658 1127 709 1180 hoe
721 1139 773 1190 est,
787 1127 822 1180 ad
864 1133 889 1186 ci
897 1135 1026 1188 curationi
1034 1155 1141 1188 manum
1149 1137 1336 1208 imposuimus,
1348 1161 1389 1196 ex

310 1195 422 1248 silurum
441 1198 497 1252 haec
515 1201 646 1257 reserant:
668 1206 714 1258 sed
730 1227 823 1278 perpe·
864 1213 1000 1266 codicibus
1015 1217 1080 1286 Reg.
1100 1236 1125 1279 1,
1141 1219 1298 1278 a,-Colbert.
1317 1240 1341 1284 1,
1354 1243 1386 1284 2,

310 1293 367 1328 ram
384 1296 391 1330 t
406 1296 491 1349 neque
504 1281 574 1335 enim
589 1284 684 1338 silurus
696 1287 723 1338 in
734 1288 822 1340 Moeuo
865 1293 944 1345 Paris.
960 1294 1039 1348 Chifl.
1051 1296 1136 1367 Lugd.
1146 1290 1268 1368 aliisque,
1278 1299 1306 1350 in
1317 1303 1389 1370 qui-

311 1355 397 1420 ullur,
410 1357 457 1410 sed
471 1359 498 1412 in
512 1361 589 1427 Nilo,
604 1366 774 1428 Danubium,
794 1379 824 1420 ut
865 1372 916 1424 bus
923 1379 1025 1441 protelis
1045 1379 1115 1426 boum
1130 1375 1227 1430 diserte
1245 1379 1388 1444 scribitur,

312 1433 433 1490 diximus.
443 1439 546 1494 Deinde
556 1443 614 1512 ipsa
623 1445 749 1499 orationis
757 1459 824 1500 stru·
865 1452 1088 1521 quemadmodum
1123 1470 1182 1509 ante
1214 1475 1264 1510 nos
1298 1459 1389 1514 scribi

312 1526 385 1568 ctura
404 1517 536 1585 declarat,
550 1524 682 1576 recenseri
700 1525 823 1578 hocloco
866 1545 989 1607 oportere
998 1531 1064 1584 vidit
1072 1535 1388 1600 Pellieerius‚attestante

312 1594 397 1665 pisces
410 1597 542 1670 praecipua
561 1603 744 1668 magnitudine
759 1605 822 1658 insi·
865 1609 999 1672 Turnebo,
1013 1612 1041 1664 in
1053 1613 1205 1666 Comment.
1218 1614 1252 1666 ad
1263 1617 1387 1670 oration.

312 1692 392 1744 gaes,
406 1694 437 1728 ac
455 1677 571 1746 primum
584 1681 691 1751 quidem
716 1686 824 1740 nomine
866 1688 922 1741 Cic.
933 1690 961 1741 in
973 1685 1094 1757 Rullum,
1106 1693 1152 1744 ubi
1168 1691 1196 1744 id
1212 1709 1238 1746 se
1252 1692 1387 1748 edoctum

311 1755 422 1824 proprio
430 1757 544 1810 maxime
552 1772 639 1824 notos,
649 1763 715 1826 Nili,
728 1765 823 1830 Rheni,
865 1769 937 1821 abeo
945 1789 1049 1822 summo
1058 1771 1113 1823 viro
1124 1772 1230 1824 fatetur.
1239 1773 1385 1828 liesdein-

290 1829 292 1844 “
311 1833 431 1906 Padique
448 1837 566 1892 incolas:
583 1852 639 1892 tum
650 1841 746 1896 deinde
757 1844 822 1896 Moe·
865 1847 899 1900 de
913 1861 1017 1901 secutus
1031 1861 1069 1902 est
1085 1849 1244 1912 Salmasius,
1255 1851 1282 1904 in
1291 1853 1386 1908 Solin.

312 1913 498 1978 ni‚Danubii,
511 1918 752 1992 Borysthenisque,
771 1925 823 1978 boc
866 1946 924 1997 pag.
942 1929 1009 1991 1314
1029 1941 1055 1980 et
1076 1930 1155 1982 1318.
1180 1931 1267 1984 Habet
1288 1945 1386 1986 autem

310 2004 365 2056 est,
377 2008 450 2048 extra
468 1997 534 2050 fines
546 2001 650 2051 romani
663 2003 734 2054 orbis
753 2004 823 2073 posi·

311 2083 353 2124 tos
365 2073 542 2130 innominatos
556 2079 682 2148 quosdam
697 2081 800 2136 laudari
814 2101 820 2136 ε

310 2169 458 2224 vocemque
468 2161 611 2218 extratico,
620 2157 655 2210 ad
663 2159 760 2213 horum
769 2179 824 2213 am·

310 2230 385 2282 nium
396 2233 495 2303 piscem
507 2237 639 2306 pertinere
652 2257 658 2290 :
671 2257 702 2291 ac
714 2241 765 2292 loci
779 2240 823 2293 de·

309 2329 385 2363 mum
403 2317 560 2367 sententiam
583 2335 642 2370 eam
656 2337 726 2383 esse,
746 2332 774 2372 ut
794 2323 822 2374 iu

282 2410 291 2421 ²
311 2390 436 2445 Danubio
449 2395 559 2458 marris,
575 2396 652 2450 sicin
665 2399 823 2472 Moeuopro·

259 2497 261 2501 .
311 2470 369 2523 telis
378 2471 459 2524 boum
470 2475 570 2528 extrahi
581 2477 681 2546 piscem
690 2497 750 2532 eum
760 2521 767 2544 ‚
778 2483 823 2552 qui

311 2553 424 2622 porculo
443 2555 545 2607 marino
560 2556 710 2612 simillimus
731 2561 771 2612 sit.
786 2562 821 2615 Η.

349 2633 390 2686 13.
403 2638 502 2688 Protetis
515 2642 584 2706 boutp
602 2641 627 2692 in
642 2645 708 2692 Datt.
721 2643 823 2714 Legen-

310 2711 376 2766 dum
392 2735 399 2768 :
415 2721 518 2770 Protelis
536 2723 606 2772 bostut
626 2735 649 2771 et
660 2725 685 2773 in
709 2727 822 2774 Danubio

310 2797 455 2848 extrahitur.
464 2797 521 2850 Nec
528 2803 646 2867 protelum
654 2841 661 2867 ,
666 2803 760 2873 jugum
771 2816 822 2868 cst,

311 2873 358 2926 sed
369 2887 445 2928 tenor
453 2865 482 2928 iir
496 2877 619 2937 discendo
632 2881 756 2950 quidam,
773 2895 823 2936 tra·

310 2965 423 3025 ctusque
436 2955 529 3026 longus
548 2971 575 3010 et
593 2961 769 3015 continuatus.
788 2963 822 3014 Et

310 3035 399 3084 ducere
412 3041 522 3101 protelo,
536 3036 607 3089 idem
626 3051 665 3090 est
678 3051 757 3110 atque
767 3059 821 3094 uno

309 3121 401 3164 tenore
418 3125 443 3164 et
464 3116 591 3166 continuo
609 3129 695 3169 tractu
714 3119 821 3172 ducere.

308 3190 378 3244 Hinc
393 3197 515 3259 protelare
531 3195 642 3248 terbum
669 3217 718 3266 pro
742 3199 821 3270 longe

308 3270 406 3340 pellere
430 3272 471 3324 vel
499 3275 660 3327 incessanter
687 3280 819 3350 persequi.

307 3349 376 3401 Vide
387 3349 551 3414 salmasium,
558 3373 618 3425 pag.
632 3355 698 3408 1318
707 3369 732 3408 et
742 3360 817 3426 1319.

307 3427 403 3482 Beatus
416 3433 573 3496 Rhenanus,
585 3435 681 3486 Rerum
690 3436 817 3492 German.

305 3507 353 3559 lib.
374 3509 401 3560 II
408 3549 416 3574 ,
426 3510 488 3582 legit
500 3529 506 3563 :
522 3538 534 3557 ιι
543 3513 628 3564 Amris
639 3533 721 3586 prope
735 3517 816 3570 Erlis·

305 3587 419 3640 bornim.
429 3585 462 3642 Et
474 3591 502 3642 in
511 3592 645 3654 Danubio,
657 3605 706 3646 etc.
717 3620 727 3641 ι
737 3597 816 3650 Erlis·

304 3667 473 3741 boruimque,
483 3670 510 3722 id
520 3684 572 3734 est,
579 3673 679 3724 sontem
687 3674 816 3744 alborum,

865 2006 965 2076 aliquid
978 2008 1065 2061 simile
1074 2011 1158 2062 AElius
1168 2009 1340 2082 Lampridius
1352 2014 1386 2066 iu

866 2087 1001 2158 Heliogab.
1020 2108 1081 2160 pag.
1106 2108 1153 2156 109
1167 2107 1173 2142 :
1197 2091 1325 2155 «Pisces,
1341 2092 1387 2146 iu-

865 2167 934 2237 quit,
950 2185 981 2218 ex
992 2167 1097 2221 vivariis
1110 2170 1164 2222 suis
1175 2169 1261 2222 bubus
1273 2173 1386 2224 traxit.»
1430 2233 1431 2238 ¹

866 2245 958 2298 Haut).
977 2277 1013 2286 -
1031 2251 1130 2298 Protelis
1148 2251 1226 2300 boum.
1241 2249 1386 2304 Protelum

865 2337 904 2394 est
914 2328 1066 2398 jugatorum
1077 2329 1169 2394 boum,
1181 2329 1236 2382 sive
1246 2341 1386 2397 aratrum,

865 2405 920 2457 sive
934 2407 1000 2477 quid
1014 2406 1088 2461 aliud
1103 2407 1277 2473 trahentium,
1290 2411 1385 2462 conti·

863 2502 934 2538 ‘uuus
943 2503 1003 2538 uuo
1012 2498 1103 2540 tenore
1117 2505 1148 2540 ac
1158 2486 1239 2539 ductu
1255 2501 1386 2544 conatus.

866 2562 913 2616 Usi
921 2565 970 2618 bac
980 2585 1046 2618 voce
1054 2579 1155 2620 veteres
1163 2565 1235 2638 apud
1243 2565 1385 2632 Nonium,

865 2659 921 2713 cap.
943 2651 973 2710 4,
992 2663 1051 2716 pag.
1068 2647 1128 2714 349.
1145 2645 1278 2708 Lucilius,
1292 2645 1387 2710 Cato,

864 2719 1002 2776 Lucretius
1022 2743 1030 2776 ε
1053 2725 1154 2778 Plinius
1176 2725 1230 2795 ipse
1253 2743 1385 2790 rursum,

865 2803 911 2854 lib.
927 2804 1046 2870 XVIII,
1057 2823 1080 2858 c.
1091 2807 1124 2869 48
1137 2824 1144 2858 :
1159 2831 1172 2852 α
1182 2805 1293 2860 Protelis
1306 2807 1386 2860 binis

865 2885 998 2954 ternisque
1008 2896 1091 2938 arant.
1101 2909 1111 2930 ι
1123 2885 1194 2938 Hinc
1204 2885 1387 2953 verbumpro·

864 2968 954 3025 talare,
973 2962 1006 3015 de
1026 2983 1079 3034 quo
1092 2963 1187 3017 Lexica
1201 2965 1384 3020 consulenda.

864 3041 956 3096 Haut).
966 3071 1001 3082 -
1010 3047 1109 3094 Protetis
1117 3047 1195 3094 boram.
1208 3045 1386 3100 Ambrosiani

866 3119 985 3182 codices,
1009 3121 1088 3174 editio
1110 3123 1233 3193 princeps
1252 3120 1385 3178 adamus-

864 3201 914 3252 sim
927 3199 1066 3252 Harduino
1076 3200 1295 3260 conveniuntssx
1304 3201 1386 3272 igno

864 3292 923 3330 rata
938 3298 953 3330 a
967 3281 1113 3355 subsecutis
1126 3279 1300 3351 typographis
1311 3299 1385 3338 voce

862 3371 1063 3430 processerunt,
1074 3379 1151 3427 prope
1163 3363 1287 3418 Lisboum,
1308 3365 1384 3413 Etis-

862 3441 972 3498 bomim,
997 3441 1107 3504 Vibium,
1127 3451 1178 3491 etc.
1192 3455 1250 3509 quae
1267 3457 1384 3494 crucem

862 3515 942 3569 Plinii
955 3519 1142 3589 interpretibus
1155 3519 1278 3570 fixerunt.
1293 3518 1384 3573 Pelii.

861 3599 948 3650 cerins
972 3610 997 3649 et
1015 3600 1156 3652 Turnebus
1169 3597 1248 3670 primi
1261 3597 1289 3648 iu
1304 3599 1383 3654 viam
1430 3605 1431 3614 ¹

861 3677 1024 3745 optimorum
1055 3677 1179 3730 codicum
1206 3677 1306 3730 auxilio
1336 3699 1382 3734 re-

304 3747 393 3800 vicum
406 3769 462 3803 esse
476 3750 557 3803 tradit
576 3749 608 3802 ad
629 3751 709 3806 Moeni
729 3755 815 3826 ripam
860 3754 947 3822 diere,
968 3774 1121 3828 germanam
1141 3755 1281 3808 lectionem
1294 3758 1381 3812 Dale·

303 3827 682 3899 situm‚vulgoEtleubrunuen
698 3833 815 3898 dictum,
860 3836 978 3906 campius
1008 3835 1199 3898 subodoravit,
1231 3837 1381 3892 Salmasius

303 3910 543 3980 quatrajectusest‚
554 3914 722 3984 vadosasque
734 3915 817 3976 locus,
860 3914 1050 3968 restituendam
1073 3916 1194 3978 curavit,
1218 3915 1380 3972 Harduinus

303 3987 441 4041 abluendis
459 3991 533 4062 equis
552 4005 577 4046 et
589 4005 654 4064 potu
667 3994 816 4046 reficiendis
861 3995 970 4066 peregit.
985 3995 1064 4048 Plinii
1080 3997 1236 4050 auctoritate
1258 4008 1283 4050 et
1296 3998 1376 4050 resti·
