2880 4974
285 421 333 490 28
552 423 590 489 C.
621 421 794 490 PLINII
822 423 932 490 NAT.
962 421 1092 488 HIST.

285 555 377 649 gines
390 553 497 636 acuti,
519 577 663 683 superna
684 569 779 648 parte
797 555 987 624 inferiorem
1012 550 1185 622 claudente
1203 550 1374 647 pyxidum

285 657 397 728 ruodo.
417 661 459 726 In
473 658 574 728 mari¹
578 658 791 780 'conchyliis
811 664 949 746 vivunt,
967 674 1060 729 tanta
1078 661 1144 729 oris
1163 659 1302 748 duritia,
1325 678 1374 730 ut

285 765 410 896 lapidps
428 768 675 836 comminuant:
698 769 732 835 in
750 783 872 837 terram
895 791 1052 862 egressae,
1070 766 1193 835 herbis.
1209 715 1375 837 Pariunt

285 857 379 940 ova¹³
382 875 526 957 ,avium
545 875 616 943 ovis
634 873 770 963 similia,
785 875 827 944 ad
840 890 980 944 centena
997 896 1155 942 numero:
1179 895 1283 967 eaque
1304 875 1371 943 de-

323 1111 364 1158 ιι.
383 1102 498 1150 latrari.
512 1100 592 1153 Arist.
604 1099 672 1152 Hist.
682 1101 797 1154 Animal.
846 1085 934 1152 ctione
951 1099 1102 1172 deceptus:
1117 1099 1275 1170 gallinarum
1289 1099 1374 1152 enim

286 1179 331 1230 lib.
345 1179 417 1230 VIII
425 1169 501 1248 ,pr
521 1181 535 1232 3
546 1195 628 1251 ,pag
641 1181 711 1251 867:
729 1179 799 1233 titt
846 1182 1050 1252 eviscomparat
1063 1199 1113 1232 ova
1126 1177 1290 1232 testudinum
1306 1199 1374 1232 ma-

284 1265 387 1325 χελῶναι
406 1259 431 1310 αἱ
448 1257 575 1311 θαλάττιαι
593 1259 626 1311 τά
641 1280 667 1312 τε
681 1261 800 1332 κογχύλια
846 1261 988 1324 rinarum,
1007 1259 1162 1313 Aristoteles
1175 1259 1297 1332 praedict.
1314 1259 1371 1313 lib.

256 1369 258 1373 ·
282 1339 408 1408 νέμονται,
424 1346 474 1390 etc.
489 1335 666 1410 Conchylium
677 1337 798 1390 hocloco

283 1417 393 1482 Plinius,
405 1429 431 1470 et
442 1417 567 1470 aliusnon
577 1417 668 1480 semel,
674 1433 723 1488 pro
733 1434 799 1488 quo-

283 1497 348 1550 libet
362 1492 470 1550 conchae
486 1515 583 1568 genere
600 1497 737 1563 universe,
747 1516 798 1550 nec

282 1594 332 1646 pro
359 1594 390 1628 eo
419 1576 505 1629 solum
534 1574 607 1647 quod
631 1595 798 1648 purpureum

283 1668 393 1707 succum
414 1673 444 1706 ex
465 1673 493 1708 se
516 1654 615 1719 fundit,
629 1656 737 1726 accepit.
755 1656 798 1710 Sic

282 1733 352 1786 infra
361 1733 395 1787 de
402 1735 521 1806 polypis,
531 1753 586 1806 cap.
594 1739 628 1798 46
640 1753 646 1788 :
658 1737 798 1788 «Vescun-

214 1819 217 1826 '
283 1825 328 1867 tur
347 1815 547 1887 conchyliorum
567 1833 662 1877 carne,
680 1835 797 1886 quorum

185 1964 192 1972 ι
282 1893 416 1960 conchas,
440 1907 513 1947 etc.»
535 1891 578 1948 Sic
599 1893 672 1966 apud
691 1895 796 1951 Graecos

282 1975 421 2045 κννχύλιαν,
444 1993 494 2044 pro
518 1975 593 2026 omni
620 1986 797 2028 testaceorum

282 2071 386 2123 genere.
399 2054 479 2106 Unde
494 2053 567 2125 apud
582 2054 752 2121 Athenaeum,
764 2055 797 2106 li·

281 2133 332 2184 hro
350 2134 416 2196 III,
444 2152 505 2204 pag.
530 2135 571 2188 85.
595 2133 794 2204 Epicharmus:

221 2238 224 2252 =
283 2213 327 2282 ἄγε
350 2210 379 2264 di
398 2211 549 2266 retrodare&
566 2213 701 2285 κογχύλια,
724 2215 797 2268 λεπαί-

281 2288 299 2340 d
301 2311 342 2354 ας,
357 2303 407 2344 etc.
424 2291 515 2345 Hanc.

314 2371 358 2424 13.
379 2377 410 2423 In
434 2387 525 2424 terram
543 2392 647 2442 egressae
668 2377 694 2424 ι’νι
718 2377 795 2426 herbis

847 1351 873 1392 et
885 1356 944 1411 cap.
956 1341 1032 1392 Prnw.
1048 1371 1083 1380 -
1093 1343 1123 1390 In
1137 1353 1227 1390 terram
1237 1358 1353 1408 egressor
1363 1379 1373 1399 ,

846 1422 933 1470 herbis.
959 1422 1064 1470 Pariunt
1083 1437 1146 1482 ova,
1166 1425 1215 1470 etc.
1232 1417 1372 1471 Codicum

846 1497 1003 1551 eorumdem
1029 1498 1201 1562 auctoritate,
1231 1509 1373 1568 corruptae

846 1578 966 1630 lectionis
977 1577 1041 1630 vitia
1054 1578 1107 1632 hoc
1123 1578 1182 1629 loco
1194 1577 1371 1640 sanavimus,

846 1675 905 1728 quie
916 1669 972 1709 erat
985 1656 1167 1728 hujuscemodi
1180 1667 1189 1708 :¹
1200 1681 1210 1703 ι
1221 1657 1253 1708 In
1262 1659 1373 1710 terram¹

845 1735 998 1804 egressae,in
1006 1732 1095 1786 herbis
1101 1734 1212 1806 pariunt
1222 1753 1281 1800 ova,
1292 1747 1348 1788 etc.
1356 1763 1371 1782 n

845 1812 955 1866 Accedit
969 1813 1118 1865 Aristotelis
1131 1813 1206 1864 locus
1220 1813 1248 1864 in
1264 1825 1371 1869 octavo

845 1891 914 1944 libro
937 1893 970 1945 de
989 1893 1058 1944 Hist.
1072 1891 1160 1944 Anim.
1176 1911 1236 1966 cap.
1253 1893 1286 1959 3,
1300 1913 1370 1966 pag.

846 1971 912 2040 867,
936 1970 1112 2025 adverbum
1135 1987 1208 2023 nunc
1234 1967 1371 2026 Plinianae

845 2051 960 2104 orationi
969 2051 1071 2103 similis.
1085 2053 1114 2104 Αἱ
1126 2047 1155 2102 δὲ
1170 2059 1273 2118 χελῶναι
1283 2055 1309 2104 αἱ
1321 2058 1371 2106 θα-

843 2131 941 2183 λάττιαι
947 2130 980 2182 τά
986 2151 1012 2182 τε
1020 2132 1136 2202 κογχύλια
1145 2133 1270 2200 νέμονται·
1280 2133 1371 2199 ἔχουσι

843 2209 891 2282 γὰρ
905 2214 932 2264 τὸ
943 2209 1022 2282 στόμα
1039 2211 1187 2282 ἰσχυρότερον
1202 2211 1307 2264 πάντων.
1328 2253 1336 2264 .
1362 2255 1368 2266 .

843 2282 887 2342 καὶ
902 2289 994 2352 ἐξιοῦσα
1009 2293 1050 2348 τὴν
1064 2291 1126 2343 πόαν
1145 2293 1251 2362 νέμεται.
1268 2291 1368 2346 Hann.

843 2369 921 2423 -Ex
930 2371 961 2424 iis
975 2387 1033 2444 quae
1041 2371 1086 2422 hic
1094 2371 1131 2422 ait
1139 2382 1165 2422 et
1175 2383 1233 2442 quae
1243 2389 1370 2443 sequun-

275 2454 381 2518 pariunt
401 2471 457 2504 ova.
479 2453 570 2506 Verba
590 2453 679 2514 illata
699 2457 794 2518 herbis,
841 2459 895 2512 tur,
907 2448 1370 2526 pluravera,modoincubationem

278 2542 345 2600 puto
358 2549 412 2583 non
422 2551 478 2584 esse
491 2533 620 2585 Pliniana.
636 2534 795 2588 Plutarchus
840 2529 971 2600 excipias,
986 2550 1045 2602 quae
1059 2531 1149 2593 nulla,
1159 2541 1205 2582 aut
1217 2530 1272 2582 fere
1285 2531 1368 2586 nulla

279 2610 308 2662 in
339 2611 426 2679 libro,
455 2613 522 2666 Utra
548 2613 719 2679 animalium,
744 2626 795 2667 etc.
839 2607 945 2662 videtur
960 2629 1023 2662 esse.
1037 2610 1070 2660 In
1089 2609 1142 2662 hoc
1158 2609 1230 2662 enim
1246 2610 1368 2665 viatores

280 2689 370 2744 «Parit
384 2691 473 2758 enim,
494 2693 532 2745 ait
552 2691 586 2744 de
604 2691 737 2746 testudine
756 2693 795 2746 lo·
838 2689 1000 2742 recentiores
1029 2701 1054 2742 et
1082 2689 1246 2742 naturalium
1268 2709 1367 2745 rerum

278 2790 363 2842 quens
370 2791 488 2844 ,egressa
497 2773 697 2846 inlittusprope
705 2773 796 2844 ipsum
839 2767 1010 2842 indagatores
1019 2769 1173 2842 peritissimi
1182 2771 1368 2841 consentiunt,
1432 2837 1433 2842 ¹

278 2869 351 2903 mare
363 2889 371 2915 ,
388 2851 435 2904 sed
446 2871 529 2924 quum
540 2853 597 2906 ovis
609 2853 737 2906 incubare
749 2872 795 2905 ne·
838 2850 1181 2918 destituiatestudineova,
1191 2851 1368 2924 simulatque

279 2943 371 3000 queat,
384 2951 471 3003 neque
486 2933 594 2984 interra
608 2932 710 2985 diutius
720 2951 794 2985 com·
839 2929 911 2984 edita
925 2931 1033 2984 suerint.
1047 2931 1150 3002 Nempe
1161 2950 1288 2985 arenosas
1302 2935 1367 3004 pla-

278 3009 389 3073 morari‚
399 3028 484 3064 arenae
495 3011 657 3082 gremioova
667 3011 793 3080 mandat,
835 3023 883 3080 gas
899 3011 945 3063 illa
966 3011 1117 3064 consuescit
1140 3029 1272 3083 quaerere,
1292 3029 1366 3083 quas

279 3091 434 3145 tenuissima
448 3091 721 3162 mollissimaqueejus
736 3111 795 3163 par·
839 3090 1009 3155 mari,etiam
1021 3090 1185 3144 validissimo
1197 3091 1300 3161 impetu
1314 3113 1367 3147 ees·
1432 3117 1433 3120 ¹

183 3231 184 3234 Ἴ
277 3180 304 3222 te
322 3184 455 3242 cooperta.
473 3196 484 3218 ι
514 3171 588 3236 Quid
606 3173 628 3224 si
647 3173 718 3242 legas
737 3173 794 3226 sine
837 3169 1365 3242 tuenti,impervias,neclimusmarinus,

276 3249 794 3321 praepositione,etadscrihasdietionem
843 3269 892 3303 uec
908 3250 969 3302 ullae
988 3250 1109 3303 herbulae
1133 3250 1275 3321 inquinant
1286 3271 1293 3316 ;
1314 3253 1364 3308 hic

276 3333 356 3380 tertis
366 3367 374 3393 ‚
386 3331 585 3402 superioribus?
596 3343 626 3384 ut
639 3333 673 3384 sit
684 3348 793 3386 seusus:
843 3332 937 3385 scrobe
951 3331 1058 3396 effossa,
1073 3349 1103 3383 os
1118 3334 1193 3403 cujus
1210 3330 1264 3383 fere
1278 3333 1363 3388 unius

278 3409 424 3464 testudines
441 3413 470 3464 iu
488 3413 556 3464 mari
573 3412 663 3466 vivere
676 3414 793 3486 conchy·
842 3413 917 3485 pedis
925 3412 1072 3477 diametron
1081 3415 1314 3480 tabennesiotas
1329 3418 1361 3470 in

276 3487 452 3560 liis,cgressas
462 3492 490 3549 iu
499 3505 596 3546 terram
605 3493 704 3546 herbis.
712 3493 794 3558 Quod
842 3493 909 3546 duos
923 3513 1007 3566 usque
1019 3495 1100 3566 pedes
1115 3505 1204 3566 patet,
1216 3515 1266 3551 ove
1280 3497 1363 3568 ponit

276 3583 367 3622 autem
392 3571 511 3642 sequitur
536 3573 677 3637 continuo,
705 3576 793 3624 Ανὶνινιι
841 3573 983 3646 plusquam
994 3581 1239 3639 oentenanumer03
1257 3575 1363 3630 deinde

275 3653 327 3702 ovis
334 3653 438 3714 similia,
448 3671 484 3713 ex
494 3653 633 3706 Aristotele
644 3665 792 3724 sumptum,
836 3671 916 3705 arena
932 3654 1019 3725 operit
1029 3655 1178 3720 levissime,
1188 3672 1269 3726 quam
1284 3657 1361 3709 sola-

221 3775 223 3782 ,
277 3730 322 3782 lib.
337 3731 370 3793 V,
384 3750 443 3803 cap.
459 3732 501 3785 33.
512 3735 614 3788 Verum
628 3732 790 3797 notandum,
837 3733 911 3786 ribus
924 3732 1006 3787 radiis
1024 3735 1170 3805 expositam
1185 3754 1215 3790 ac
1229 3735 1361 3789 facillime

277 3811 465 3881 compareriab
475 3811 616 3866 Aristotele
625 3815 683 3868 ovis
693 3814 793 3882 avium,
839 3815 968 3868 calentem
987 3813 1140 3876 verisimile·
1150 3826 1189 3867 est
1204 3834 1235 3868 eo
1254 3818 1359 3908 teporis

277 3905 328 3941 ova
341 3889 482 3945 testudinis
494 3893 638 3960 terrestris,
646 3913 701 3946 non
713 3904 793 3947 testu·
838 3913 899 3946 mox
918 3892 1059 3958 devenire,
1081 3907 1110 3948 ut
1123 3915 1236 3948 ovorum
1250 3897 1356 3949 semina

277 3966 348 4021 dinis
378 3971 499 4038 marine,
521 3984 550 4026 ut
578 3972 624 4027 hic
655 3987 794 4047 comparat
838 3975 940 4036 foveat,
955 3974 1087 4046 explicet,
1103 3976 1221 4039 nutriat,
1241 3987 1357 4049 augeat,

277 4046 393 4113 Plinius,
419 4053 593 4110 tumultuaria
621 4055 731 4110 fortasse
755 4055 791 4108 le·
837 4054 957 4109 vivificet.
970 4055 1015 4106 Ar.
