2880 4974
308 430 358 516 48
566 429 607 497 C.
636 425 811 497 PLINII
837 426 948 496 NAT·
983 427 1115 496 HIST.

306 563 411 644 binis,
447 584 503 628 sex
526 559 739 645 cubitorum,
765 559 944 644 caeruleos,
972 559 1029 653 qui
1058 582 1181 626 nomen
1195 543 1219 582 ¹⁶
1245 581 1266 626 a
1293 559 1378 628 facie
1423 605 1424 636 l

307 680 487 736 traxerunt.
504 668 563 734 His
575 665 714 734 tantas¹⁷
730 691 801 734 esse
816 667 919 753 vires,
938 680 977 734 ut
995 664 1188 758 elephantos
1201 663 1243 732 ad
1259 679 1378 759 potum
1423 657 1424 686 ³

306 774 495 857 venientes,
525 772 692 842 mordicus
713 773 953 866 comprehensa
981 795 1083 841 manu
1111 795 1227 839 eorum
1249 771 1378 840 abstra-
1424 808 1425 868 l

306 879 390 948 hant
402 865 438 942 18.
541 953 545 960 ,
799 899 801 906 ·

275 1017 287 1050 ι
359 986 490 1054 XVIII.
513 983 644 1078 Thynni
663 1008 770 1054 mares
789 983 851 1053 sub
868 980 999 1052 ventre¹
1013 1008 1080 1050 non
1089 981 1378 1076 habentpinnam.

307 1095 438 1161 Intrant
453 1115 472 1158 e
489 1115 610 1186 magno
626 1092 709 1160 mari
730 1087 892 1160 Pontum²
910 1114 1013 1158 verno
1031 1103 1181 1183 tempore
1199 1090 1380 1182 gregatim,
1425 1142 1426 1178 ἔ

307 1263 397 1316 oleum
425 1260 556 1322 trahitur.
580 1279 634 1332 qno
662 1259 751 1312 omnia
778 1277 822 1312 ec·
866 1271 948 1330 atque
971 1259 1100 1311 amiam.»
1126 1257 1242 1324 Quidam
1267 1259 1377 1329 ¹egunt:

308 1341 461 1396 cenduntur
477 1359 653 1414 quaecumque
670 1339 764 1411 tetigit.
789 1339 821 1390 In
870 1343 973 1405 Tlsynno
987 1355 1058 1407 capso
1073 1358 1168 1390 corvam
1196 1329 1380 1390 excludenduln

308 1441 365 1476 non
382 1421 475 1493 paucis
495 1419 632 1474 codicibus
645 1439 676 1473 ac
695 1418 772 1472 editis
790 1417 821 1470 li·
858 1421 956 1490 foras:
970 1418 1042 1491 quod
1062 1418 1168 1473 videtur
1188 1429 1324 1490 sumptum
1349 1437 1381 1470 ex
1426 1479 1427 1488 ἵ

207 1545 213 1550 ,
308 1500 457 1554 brisvermi
472 1497 609 1570 longitudo
627 1510 665 1550 est
686 1497 821 1568 sexaginta
865 1499 1059 1570 hisAmphidis
1079 1499 1192 1552 comici:
1207 1500 1269 1557 ὅστις
1282 1501 1380 1568 napaei-
1426 1491 1427 1498 ¹

308 1579 458 1634 cubitorum
475 1597 524 1650 pro
539 1591 653 1650 septem,
673 1589 699 1630 et
713 1577 765 1628 hoc
778 1594 822 1628 ne·
864 1599 902 1630 νον
920 1580 990 1631 ἐσθίει
1005 1580 1129 1632 θαλάττιον
1142 1580 1247 1650 γλαύκου
1262 1579 1382 1649 παρόντος

308 1659 451 1714 cessarium
466 1668 539 1720 erat,
551 1670 582 1708 ut
595 1655 750 1729 elephantos
763 1653 821 1708 ede·
865 1654 931 1718 οὗτος
950 1661 993 1711 οὐκ
1012 1659 1062 1726 ἔχει
1075 1659 1168 1728 φρένας.
1183 1659 1249 1710 Dan.
1268 1687 1305 1696 -
1321 1657 1382 1710 Fal·

307 1750 356 1792 ret.
366 1737 434 1789 Mihi
443 1737 559 1807 suspicio
570 1748 629 1790 orta
639 1749 677 1789 est
690 1754 820 1806 congrum
865 1737 966 1791 sissima
980 1739 1031 1790 hoc
1045 1739 1104 1790 loco
1115 1779 1122 1804 ,
1141 1737 1264 1809 quamvis
1276 1737 1312 1788 ah
1324 1737 1382 1789 Ari-

307 1817 454 1889 hucpotius
464 1816 605 1879 fuissene!
613 1833 751 1868 murenam
762 1833 821 1888 quse
865 1819 956 1870 stotele
975 1815 1133 1888 desumpta,
1159 1816 1296 1869 sententia.
1320 1815 1382 1868 Nou

308 1898 400 1950 locum
413 1896 529 1950 dedisset
548 1895 591 1948 his
606 1895 821 1957 narrationibus,
867 1895 938 1948 enim
950 1896 1040 1968 pinnis
1052 1896 1171 1969 thynnus
1185 1915 1241 1949 mas
1255 1895 1382 1948 alemina

309 1995 375 2049 quas
393 1976 565 2029 orientalium
583 1975 704 2027 virorum
723 1975 821 2046 hyper·
866 1973 1255 2042 differt.QuamvisAristoteles
1269 1973 1382 2026 aPlinio

197 2057 204 2068 “
307 2055 369 2109 bole
380 2055 506 2125 corrupit.
525 2054 643 2110 Cnvrna.
865 2073 919 2106 non
932 2068 1024 2107 exacte
1036 2056 1184 2127 exscriptus
1194 2067 1239 2106 est.
1252 2053 1323 2106 Nam
1334 2053 1382 2104 ille

239 2125 241 2134 ’
347 2138 495 2200 16.Nomsn
516 2153 533 2184 a
550 2135 632 2201 facie.
650 2131 737 2184 Pisces
757 2144 831 2185 suut·
866 2134 903 2186 ait
925 2135 1029 2188 femina
1047 2136 1098 2188 sub
1120 2147 1211 2188 ventre
1235 2133 1384 2206 pinnulam

309 2212 517 2284 ipsiquidem:
542 2211 590 2264 sed
610 2231 626 2264 a
646 2208 821 2263 similitudine
865 2233 916 2285 qua
930 2227 1075 2280 mascaret,
1088 2215 1198 2267 minime
1209 2233 1273 2266 vero
1285 2213 1382 2284 pinnis

308 2292 444 2348 vermium
454 2329 461 2352 .
471 2310 573 2344 vermes
579 2304 605 2344 et
613 2290 665 2362 ipsi
676 2289 818 2361 appellati:
865 2294 977 2346 omnino
992 2313 1081 2347 carere
1092 2313 1201 2346 marem.
1211 2295 1337 2347 Cnvrnu.

308 2391 362 2426 nou
384 2391 399 2424 a
419 2373 506 2425 colore
526 2371 646 2432 caerulei,
668 2382 698 2423 ut
716 2371 820 2425 Solium
902 2393 925 2426 a.
937 2379 1038 2425 latrant
1055 2393 1176 2441 ernagno
1187 2374 1252 2423 mari
1262 2377 1380 2423 Pontum.

308 2451 420 2523 putavit,
435 2469 520 2522 quum
542 2451 615 2504 hunc
635 2450 714 2503 Plinii
731 2451 821 2506 locum
865 2455 941 2507 Mare
953 2454 1088 2506 infernum
1107 2453 1236 2524 appellari
1249 2469 1384 2522 magnum

309 2531 347 2584 ita
360 2529 490 2597 reddidit,
502 2535 734 2600 coemleosncmine
747 2545 821 2582 σιω·
866 2545 911 2586 aut
927 2551 941 2585 a
961 2533 1047 2586 Plinio
1065 2533 1144 2596 alibi,
1161 2547 1206 2584 aut
1218 2532 1251 2584 ab
1263 2531 1321 2583 alio
1336 2549 1385 2584 au·

217 2638 219 2641 ·
310 2615 369 2663 lore.
389 2613 490 2663 Auctor
514 2610 614 2663 Ctesias
636 2609 666 2661 iu
685 2611 821 2682 Excerptis
866 2625 1019 2678 ctore,non
1034 2611 1153 2665 memini.
1171 2608 1288 2663 Proinde
1305 2611 1387 2663 casti·

310 2688 382 2762 apud
395 2688 535 2754 Photium,
549 2707 576 2760 p.
591 2688 755 2742 153.Haun.
865 2694 993 2766 gatiorem
1017 2693 1061 2745 hic
1079 2691 1223 2745 lectionem
1244 2690 1385 2751 existimo,

349 2787 390 2839 17.
411 2772 454 2820 His
466 2781 561 2822 tantas.
580 2767 700 2836 Solinus,
717 2769 820 2838 etalii,
866 2781 967 2826 Instant
978 2776 1106 2840 escAEgoeo
1118 2773 1303 2822 inari-Pontum.
1320 2769 1387 2822 Cor-

309 2847 376 2902 locis
389 2847 485 2902 citatis.
498 2848 591 2902 Hanc.
865 2853 982 2924 rigamus
1000 2851 1028 2902 in
1047 2849 1160 2902 trandtu
1179 2849 1268 2902 locum
1281 2847 1312 2900 in
1326 2849 1388 2919 pul-

349 2929 390 2980 18.
418 2931 595 2996 Comprehensa
631 2947 708 2980 rnanu
738 2946 822 2980 sonam
867 2931 999 2984 cherrima
1015 2928 1227 3000 historiographo
1252 2927 1388 2981 Cornelio

310 3009 464 3058 abacelam.
478 3005 632 3077 Legeudnm
653 3007 737 3069 sorte,
757 3025 823 3056 com·
866 3010 960 3062 Tacito
970 3009 1038 3060 libro
1047 3009 1087 3070 X,
1098 3007 1146 3059 ubi
1161 3005 1195 3060 dc
1208 3007 1304 3060 haere
1318 3006 1384 3076 agit,

308 3088 431 3153 prehensa
448 3090 647 3154 mattudeorsum
664 3089 820 3137 abstrahant.
867 3087 1388 3161 aneminequodsciamvisumquuip-

311 3163 426 3216 Videtur
433 3163 468 3215 ita
480 3163 509 3214 in
521 3163 606 3216 Plinio
615 3163 707 3234 legisse
716 3164 822 3218 Solinus
867 3187 917 3238 pe,
928 3167 1026 3239 inquit,
1041 3166 1197 3238 Byzantium
1210 3165 1292 3219 sectili
1313 3168 1388 3227 solo,

311 3242 346 3297 de
354 3241 394 3294 his
403 3242 532 3314 loquens:
544 3241 641 3305 «Adeo,
653 3242 699 3308 ait,
708 3243 824 3296 robustis
868 3245 1034 3319 fecundoque
1046 3247 1127 3310 mari,
1138 3246 1202 3317 qnia
1211 3247 1251 3300 vis
1268 3246 1388 3318 piscium

311 3321 427 3382 viribus,
448 3331 477 3372 ut
497 3321 650 3392 elephantes
672 3321 706 3374 ad
729 3333 823 3392 potum
868 3325 896 3378 in
918 3337 1099 3397 metapontum
1122 3345 1278 3396 erumpens,
1306 3339 1361 3379 etc.
1375 3348 1388 3368 ν

311 3401 468 3455 ventitantes
475 3400 610 3453 mordicus
617 3402 823 3473 comprehensos
867 3407 955 3477 Lege:
972 3409 1063 3475 Quippe
1072 3409 1219 3471 Byzantium
1220 3407 1305 3474 senili
1315 3411 1371 3458 solo
1379 3451 1387 3475 ‚

311 3480 432 3551 ipsorum
450 3497 532 3531 manu
550 3480 655 3551 rapiant
672 3480 700 3532 in
715 3479 825 3552 profau·
860 3487 1022 3554 fecundoqae
1045 3488 1112 3536 mari
1132 3488 1191 3552 quia
1212 3489 1253 3536 vis
1277 3488 1389 3552 piscium

312 3559 387 3614 dum.
401 3585 414 3605 a
433 3560 511 3613 Puer.
867 3567 997 3616 innumera
1019 3571 1121 3616 Pontum
1146 3567 1300 3630 irrumpens,
1336 3578 1388 3620 etc.

347 3641 450 3694 XVIII.
464 3659 487 3692 1.
505 3644 689 3706 Tlsynnimares
702 3646 746 3693 sub
761 3662 825 3694 ven·
870 3643 943 3708 Quid
960 3644 982 3696 si
1005 3644 1034 3695 in
1057 3643 1142 3695 Plinio
1161 3643 1273 3696 verbum
1300 3643 1388 3707 illud.

312 3733 423 3785 ere,etc.
437 3719 576 3792 Elegantes
589 3723 785 3776 Luciliiversus
798 3724 826 3774 iu
869 3743 960 3791 rnagno
987 3724 1020 3775 ab
1045 3721 1156 3775 indocto
1184 3721 1320 3793 adjectum
1354 3727 1389 3778 sit

313 3799 701 3871 Lupum‚apudVarr.lib.VI:
719 3802 828 3853 «Thum
869 3801 986 3854 lectore?
1012 3801 1107 3854 stolida
1138 3800 1208 3854 euim
1240 3813 1389 3855 nautarum

314 3897 362 3930 uos
378 3891 484 3950 captato
501 3897 508 3929 ι
525 3877 666 3952 cordylum
684 3879 796 3933 exclude
816 3898 823 3932 :
870 3880 1013 3933 multitudo
1027 3875 1099 3933 niare
1115 3891 1236 3933 nostrum
1256 3898 1389 3952 magnum

314 3957 430 4010 minores
440 3955 587 4023 Occidunt,
599 3960 691 4030 Lupe,
707 3959 830 4032 saperdas¹
860 3960 1004 4030 -a'ppellitat
1019 3976 1026 4011 :
1042 3971 1072 4011 ut
1089 3958 1233 4030 legendum
1247 3959 1388 4025 videatur,

314 4047 339 4086 te
356 4053 362 4085 :
377 4036 433 4090 haec
450 4039 531 4107 jura,
550 4037 660 4090 silurum
673 4038 786 4102 sumsere,
798 4049 824 4091 te
837 4083 839 4088 .
865 4041 1390 4109 v1ncrancsmariponmnvernonempore.
