2880 4974
513 431 671 500 LIBER
705 433 769 499 tx.
1122 425 1170 498 53

153 561 229 628 XX.
252 559 318 628 Sed
335 562 370 628 iu
388 563 531 630 Pontum
552 559 641 629 nulla
664 561 765 629 intrat
784 561 888 628 hestia
908 559 1052 653 piscibus
1069 551 1202 630 male-'1
1242 575 1247 586 '

108 666 164 733 fica
170 665 468 760 ,praetervitulos¹
490 681 524 735 et
538 691 659 761 parvos
677 665 861 762 delphinos.
880 665 1013 760 Thynoi
1034 664 1171 735 dextra'

108 773 172 865 ripa
187 773 337 860 intrant,
356 787 478 841 exeunt
500 772 591 843 laeva.
615 773 655 842 Id
676 773 825 842 accidere
847 773 1076 855 existimatur,
1095 775 1172 865 quia

108 876 218 946 dextro
229 877 328 947 oculo
342 877 416 972 plus
432 895 571 948 cernant
576 864 766 974 ,³utroque
786 893 904 946 natura
920 878 1048 948 hebete.
1064 880 1146 947 Est
1138 905 1172 946 m

107 984 217 1077 euripo
237 984 373 1053 Thracii
391 985 572 1080 Bosphori,
593 1011 661 1078 quo
676 986 852 1080 Propontis
864 985 1020 1052 Euxino
1009 986 1175 1078 jungitur,

108 1089 137 1156 iu
167 1089 245 1183 ipsis
280 1092 450 1183 Europam
483 1091 658 1184 Asiamque
683 1091 865 1185 separantis
893 1091 968 1158 freti
997 1092 1171 1186 angustiis,

107 1218 217 1264 saxum
239 1196 316 1263 miri
336 1196 503 1279 candoris,
523 1221 543 1265 a
560 1196 647 1265 vado
663 1196 705 1264 ad
721 1219 850 1265 summa
866 1195 1060 1290 perlucens,
1077 1197 1174 1289 juxta

107 1299 375 1370 Chalcedonem
367 1329 401 1370 m
416 1301 517 1371 latere
524 1303 618 1372 Asiae
625 1303 732 1394 Hujus
746 1315 882 1396 aspectu
897 1317 1032 1398 repente
1048 1305 1170 1390 territi,
1190 1347 1203 1379 2

108 1432 234 1502 semper
258 1407 434 1478 adversum
456 1410 603 1545 Byzantii
629 1411 916 1503 promontorium,
942 1434 983 1478 ex
1006 1434 1044 1478 ea
1073 1433 1174 1478 causa

108 1512 306 1608 appellatum
316 1517 415 1584 Aurei
429 1501 571 1585 comus
574 1569 584 1602 ,
600 1517 763 1610 praecipiti
773 1529 891 1610 petunt
904 1516 1043 1610 agmine.
1056 1519 1174 1609 Itaque

140 1744 199 1796 XX.
213 1763 235 1796 1.
245 1747 318 1796 Sed
308 1765 334 1795 m
344 1751 446 1795 Pontum
457 1748 546 1796 nulla
536 1758 616 1795 intrat
659 1744 729 1806 euim
740 1763 793 1796 nou
807 1744 996 1798 clareceroere
1010 1748 1055 1798 ait.
1069 1745 1173 1800 confir.
1224 1809 1227 1818 ,

106 1827 179 1876 bestia
186 1827 295 1892 piscibus
306 1827 434 1894 malefica,
442 1839 537 1891 proeter
546 1825 620 1876 vitu·.
659 1837 714 1876 mat
732 1823 760 1876 id
778 1843 886 1894 quoque
905 1824 1063 1880 Plutarchus
1086 1825 1174 1890 libro,

107 1909 154 1965 Ios,
172 1918 196 1954 et
206 1923 297 1971 parvos
316 1906 452 1970 delphinos.
473 1903 615 1956 Dissentire
659 1904 724 1955 Utro
738 1901 890 1954 animalium
904 1940 912 1963 ‚
927 1913 977 1954 etc.
997 1904 1088 1968 Quare
1101 1905 1171 1958 testi·

106 1982 254 2035 Aristoteles
265 1980 379 2042 videtur,
387 1983 549 2053 cujusverha
558 1980 615 2035 haec
659 1980 802 2048 mendum,
823 2001 856 2034 an
882 1981 928 2034 hic
954 1982 1093 2054 legendum
1121 1983 1171 2044 sit,

107 2073 166 2113 sunt
176 2102 183 2127 ,
195 2061 264 2114 Hist.
279 2061 366 2126 Apim.
376 2060 422 2112 lib.
434 2060 517 2124 VIII,
527 2079 550 2112 c.
567 2063 615 2125 16,
661 2063 746 2111 Altero
757 2064 841 2128 utique
852 2064 934 2112 tabere
944 2075 1052 2124 natura,
1065 2062 1105 2114 vel
1117 2101 1125 2126 ,
1140 2065 1174 2112 si-

106 2160 165 2212 pag.
177 2133 309 2204 9υεὶῖξω
323 2139 616 2212 γὰρφωκαίνηςῷὶίὶφα-
661 2141 736 2190 nistre
751 2145 822 2191 oculo
839 2143 922 2192 hebete
940 2155 1040 2192 natura.
1053 2141 1128 2194 Pan.
1139 2172 1173 2180 -

106 2221 183 2280 tulum
199 2221 305 2290 legunt,
332 2217 379 2271 scd
401 2224 553 2290 perperam)
575 2219 616 2271 καὶ
664 2224 779 2286 uimque.
797 2217 849 2272 Sed
869 2221 950 2290 magis
968 2231 1057 2272 tamen
1076 2220 1169 2272 laevot

107 2297 232 2368 δελφῖνος,
248 2297 318 2353 οὐδέν
339 2301 402 2351 ἐστιν
422 2302 444 2350 ἐν
464 2321 498 2369 ,ῳ
514 2300 614 2370 Πόντῳ,
663 2300 773 2368 ιὺωνὺμῳ
782 2297 932 2368 ἀμῧλυωπιῐν
940 2297 1007 2351 dixit
1014 2299 1171 2360 Athenuus,

106 2379 146 2430 καὶ
168 2382 180 2431 ὁ
199 2376 282 2446 δελφὶς
300 2377 392 2448 μικράς.
414 2402 425 2424 ι
437 2379 504 2432 Nem
524 2389 617 2448 praeter
662 2377 707 2430 lib.
722 2378 794 2439 Vll,
814 2395 873 2448 pag.
893 2374 959 2442 301,
980 2393 1011 2429 ex
1025 2376 1171 2430 Aristotele.

104 2456 260 2528 phocaenam
279 2461 378 2528 (quem
394 2457 540 2510 tursiouem
562 2473 618 2508 esee
660 2456 802 2528 AEschylus
816 2475 923 2529 quoque
935 2455 1006 2528 apud
1022 2456 1172 2517 AElianum,

106 2535 234 2601 diximus,
254 2554 313 2606 cap.
336 2539 379 2606 11)
400 2547 426 2587 et
445 2534 618 2604 delphinum,
660 2536 710 2590 loc.
725 2537 768 2588 cit.
781 2548 807 2588 et
822 2536 998 2602 Atheuaeum,
1019 2535 1088 2588 libro
1101 2537 1183 2597 vn..

105 2615 210 2668 nullum
230 2613 382 2682 malelicum
406 2614 503 2666 animal
529 2625 567 2668 est
588 2614 617 2666 in
660 2635 719 2688 pag.
732 2615 791 2670 303.
801 2615 893 2668 Hauo.

105 2694 214 2748 Ponto:
234 2692 281 2748 sed
298 2705 326 2746 et
342 2705 489 2764 parvttscst
503 2692 540 2745 ihi
558 2691 616 2745 del·
698 2702 723 2759 4.
742 2697 857 2760 Byzantii
871 2697 1063 2762 promontorium
1083 2714 1116 2745 εκ
1141 2714 1172 2744 ea

105 2774 237 2846 phinus.»
251 2773 314 2826 Non
332 2773 475 2826 Phocaenas
494 2771 615 2838 Plinius,
660 2793 739 2826 causa
750 2777 899 2842 appeliatum
912 2775 989 2823 Aurei
997 2792 1092 2824 coruus.
1102 2771 1188 2824 Olim

106 2853 153 2906 sed
164 2853 256 2923 φώκας,
265 2871 313 2912 seu
322 2851 418 2904 vitulos
431 2850 618 2904 marinosscri·
661 2857 718 2904 ariri
730 2871 816 2904 cornu.
831 2851 882 2906 Sed
901 2863 930 2902 tu
952 2869 1010 2904 mea
1022 2849 1077 2904 lide
1095 2851 1171 2921 lege:

106 2934 160 3004 psit
172 2952 178 2985 :
193 2946 221 2986 et
231 2943 303 2986 reete
313 2930 429 3004 quidem.
439 2932 506 2983 Nam
524 2931 617 2982 etiam·
661 2931 797 3004 «Byzantii
805 2930 1175 3002 promontoriumexeacausa

105 3033 172 3066 num
193 3012 276 3076 hodie
293 3013 322 3064 in
343 3012 428 3064 Ponto
445 3029 502 3063 esse
521 3008 619 3062 vitulos
663 3012 823 3084 appellatum
836 3010 917 3066 Aurei
935 3029 1063 3064 cornus.»
1076 3008 1108 3062 ld
1122 3022 1174 3074 eat,

12 3093 13 3128 t
105 3093 226 3148 marinos
233 3092 408 3146 certissimum
419 3101 458 3144 est
468 3109 475 3142 :
486 3099 516 3140 ut
525 3087 620 3142 Aristo·
662 3100 705 3146 τοῦ
713 3098 800 3163 χρυσοῦ
808 3093 916 3162 κέρατος.
930 3092 999 3144 Nam
1010 3109 1112 3142 cornum
1127 3108 1174 3160 pro
1235 3108 1240 3113 ·

12 3211 13 3214 η
106 3173 213 3226 relicom
230 3171 331 3225 idcirco
349 3170 453 3243 potine,
476 3187 556 3240 quam
569 3168 621 3219 Pli·
664 3192 742 3224 cornu
770 3171 827 3224 aliis
852 3171 917 3224 locis
943 3170 1080 3241 usurpavit
1103 3167 1172 3222 Plin.

12 3275 14 3308 ι
105 3253 217 3305 niallam
251 3251 393 3304 lectionem
428 3246 619 3300 immutandam
664 3251 970 3321 Sams.pag‚165.-
984 3253 1063 3300 Aurei
1076 3269 1172 3300 coruus.

12 3357 13 3390 r
106 3352 173 3398 esse,
183 3344 279 3385 merito
289 3327 458 3382 Bondeletrus
467 3339 621 3400 pronuntia
663 3329 704 3382 Ita
716 3332 778 3400 aeg
798 3348 830 3390 1,
846 3349 878 3391 s,
893 3329 971 3385 Colh
991 3347 1022 3388 1,
1040 3347 1071 3391 s,
1081 3326 1172 3380 Chiill.

12 3397 13 3424 ³
105 3412 193 3476 verit,
207 3411 254 3462 lib.
267 3410 335 3462 XVI
342 3427 420 3480 ,cap
436 3425 467 3479 9,
481 3425 540 3478 pag.
560 3411 620 3477 474.
663 3409 744 3462 Paris.
763 3419 811 3460 etc.
832 3408 903 3460 Editi
927 3425 1083 3480 perperam,
1101 3409 1175 3458 Arari·

12 3527 13 3540 .
107 3491 202 3545 Brun.
664 3508 747 3540 cornu.
762 3487 841 3539 Aurei
857 3505 938 3557 porro
957 3503 1054 3540 cornus
1073 3485 1097 3536 ei
1115 3485 1174 3536 loco

145 3573 281 3632 urtynni
296 3573 396 3620 dextra
412 3567 494 3619 Arist.
509 3547 560 3617 loc.
576 3565 619 3616 cit
665 3566 869 3640 appellationem
880 3564 991 3617 inditam
1000 3576 1145 3635 putamus,
1159 3582 1174 3614 a

105 3669 169 3721 pag.
184 3657 256 3718 944;
272 3646 407 3701 Plutarch.
419 3645 465 3698 lib.
476 3644 510 3696 de
524 3645 618 3698 Solert.
664 3657 812 3736 questuosa
836 3643 997 3716 pelamidum
1029 3655 1174 3713 captura:

106 3729 196 3782 Anim.
216 3746 277 3800 pag.
293 3745 358 3797 9793
372 3726 509 3784 AElianus,
523 3723 620 3775 Hister.
665 3726 812 3778 maximum
822 3723 893 3776 enim
907 3741 999 3776 earum
1017 3733 1176 3794 proventum

106 3808 225 3860 Animal.
239 3805 352 3868 ttulit,
366 3823 424 3874 cap.
437 3811 485 3867 4²3
497 3801 620 3864 Solinus,
665 3814 691 3856 et
713 3804 844 3875 Byzantiis
862 3805 959 3874 pariter
977 3815 1003 3854 et
1020 3801 1119 3872 populo
1137 3821 1177 3854 ro·

12 3901 13 3906 ’
110 3905 171 3958 cap.
185 3905 314 3957 x11,pag.
328 3885 371 3938 32.
384 3883 473 3935 Hsao.
667 3900 746 3934 meno
769 3881 832 3934 iude
849 3881 1007 3952 contigisse,
1026 3889 1120 3932 auctor
1138 3893 1177 3932 est

12 3967 13 3974 ’
150 3967 174 4018 3.
197 3972 303 4033 Utroque
320 3967 405 4014 hebete
422 3975 523 4012 natura.
542 3962 621 4014 secus
667 3961 779 4023 Strabo,
798 3958 1176 4029 lih.v11,pag.320.1tim.

12 4071 13 4096 r
110 4045 191 4100 Arist.
211 4046 255 4098 lib.
274 4045 357 4108 VIII,
374 4061 431 4114 cap.
453 4041 500 4106 13,
515 4041 621 4093 sinistro
667 4041 914 4114 -NonHarduino
925 4041 1066 4094 dumtaxat
1074 4036 1180 4094 ducun-

997 4134 1038 4233 4³
