2880 4974
242 388 291 468 40
357 481 361 492 ι
512 386 551 450 C.
579 385 879 454 PLINIINAT.
908 388 1034 454 HIST.

240 538 361 584 venam
384 513 562 607 quamdam
594 515 664 608 ejus
695 517 730 583 in
756 515 906 588 faucibus
933 520 1018 587 mira
1038 514 1191 611 cupidine
1209 537 1313 608 appe·

242 736 297 779 erat
313 725 351 776 ah
370 723 498 788 hamulis,
521 726 617 797 quibus
636 725 753 779 minores
798 745 856 780 eam
885 748 940 782 non
965 728 1087 800 protinus
1110 743 1153 779 me
1172 722 1313 788 accedere,

240 807 326 878 pisces
338 803 495 874 capiuntur;
510 805 582 858 unde
599 806 638 858 nil
655 806 753 858 mirum
798 827 852 860 non
865 808 970 863 inficior
983 827 990 861 :
1005 826 1087 878 quum
1100 804 1233 857 sententias
1248 819 1314 854 mese

242 883 264 934 si
280 883 312 934 iis
325 883 478 947 transfixus,
491 884 606 936 enormis
617 885 706 937 attilus
716 886 755 957 ja·
798 887 825 938 in
841 888 932 958 primis
944 889 1058 940 fautores
1068 881 1313 947 habeam,Pettice·

242 962 281 1035 gis
291 963 372 1014 houm
388 962 575 1016 extraheretur.
588 967 666 1016 Razz.
797 965 867 1018 rium
882 968 910 1018 in
920 967 991 1018 notis
1002 965 1077 1018 MSS.
1097 976 1123 1018 et
1140 961 1246 1034 Hippoi.
1256 959 1315 1011 Sal·

280 1059 307 1109 9.
321 1045 448 1094 Minimus.
465 1046 544 1095 Deest
561 1063 612 1096 vox
627 1046 705 1112 piscis
727 1043 754 1096 in
798 1045 923 1112 vianum,
937 1046 984 1098 lib.
999 1044 1032 1098 de
1050 1041 1244 1114 Hist.Aquatil.
1262 1039 1312 1091 tot.

243 1133 357 1193 utroque
375 1121 552 1176 Amba-asiano
572 1123 697 1194 aliisque;
715 1121 756 1174 id·
802 1131 859 1188 104.
880 1125 931 1178 Illa
944 1125 1052 1197 quidem
1071 1128 1156 1190 stupea
1168 1119 1315 1192 pisciculus

243 1221 296 1272 que
318 1203 423 1254 solitam
445 1202 522 1253 Plinii
545 1202 627 1274 magis
653 1201 755 1254 redolet
799 1205 907 1257 obscuri
921 1203 1137 1274 nominis,atque
1153 1197 1315 1268 adeolonge

243 1280 490 1350 breviloquentiam.
502 1283 584 1333 Razz.
595 1313 630 1322 -
639 1284 756 1332 Minimus
800 1282 994 1336 diversissimus
1004 1283 1037 1334 ab
1051 1301 1083 1334 eo
1095 1280 1142 1352 qui
1153 1279 1316 1350 ps'qar‘lglbr,

241 1363 317 1428 piscis
335 1364 472 1428 appellatas
485 1365 592 1428 elapsa.
615 1360 755 1412 Minimum
799 1365 919 1414 κλουπαῖο.
942 1364 1101 1432 καλούμενος,
1117 1379 1132 1412 a
1151 1357 1315 1412 Callisthene

245 1437 323 1501 dicit,
348 1439 547 1510 comparatione
568 1439 602 1492 ad
623 1452 757 1492 cetaceum
800 1440 945 1504 laudatur,
966 1441 1013 1494 lib.
1029 1441 1073 1492 111
1090 1457 1178 1492 rerum
1202 1435 1317 1488 Gallica·

244 1517 362 1588 piscem,
382 1536 460 1588 quem
474 1519 588 1590 jugulat.
608 1522 708 1573 Dauu-
722 1549 758 1560 -
800 1539 876 1585 rum,
890 1515 1043 1592 diciturque
1062 1519 1150 1572 Araris
1163 1516 1314 1570 Galliarum

246 1599 361 1648 Minimas
389 1599 464 1664 piscis
494 1603 632 1666 appellatas
660 1603 755 1666 clipea.
800 1601 886 1653 amnis
903 1601 1006 1654 incola:
1024 1600 1072 1671 qui
1095 1595 1315 1651 crescente-lana

245 1675 393 1729 Bochartus
410 1678 438 1729 in
453 1677 551 1750 Georg.
569 1691 646 1750 parte
666 1687 702 1741 ιζ
709 1679 757 1730 lib.
801 1680 877 1733 albus
901 1681 947 1746 sit,
976 1680 1143 1733 decrescente
1166 1676 1314 1746 nigrescat3

246 1756 277 1818 1,
289 1774 348 1826 cap.
362 1763 408 1821 tta,
417 1775 475 1829 pag.
491 1759 553 1828 751,
565 1757 686 1829 clupeam
701 1777 758 1810 esse
801 1761 899 1831 cuique
911 1759 962 1814 alis
975 1759 1112 1823 accidant,
1125 1775 1184 1829 que
1193 1755 1315 1808 Stohaeus

246 1835 444 1907 credit‚quam
461 1836 531 1889 Galli
550 1841 661 1901 alaram,
680 1837 757 1889 Etru·
800 1849 906 1902 namet,
928 1837 960 1890 de
987 1838 1087 1892 Morbis
1117 1852 1233 1889 sermon.
1248 1840 1314 1896 asa,

246 1912 286 1965 ria
311 1933 374 1967 vero
402 1935 496 1985 parum
523 1916 628 1970 diverso
650 1915 758 1969 nomine
800 1936 863 1990 pag.
881 1923 941 1987 793.
954 1918 1145 1986 ll.-Clapea.
1158 1914 1251 1984 Neque
1263 1911 1316 1964 du·

234 1981 385 2062 'cliepparm
399 1994 511 2048 divitum
526 1997 635 2063 mensis,
648 1996 696 2049 etsi
710 1995 760 2066 spi·
801 1996 876 2047 bium
891 2016 947 2050 esse
959 2009 1062 2069 potest,
1083 1995 1157 2068 quod
1172 1993 1217 2044 hic
1234 1991 1315 2062 piscis

247 2072 318 2125 nulis
347 2075 460 2127 nimium
486 2076 622 2138 abundat,
646 2077 759 2128 maxime
803 2074 836 2124 sit
852 2075 926 2126 Italis
945 2081 1065 2144 clrppia,
1084 2076 1112 2128 in
1134 2093 1184 2146 qus
1202 2072 1317 2122 Etrusca

247 2169 321 2203 nunc
335 2153 493 2224 expetitam,
509 2155 663 2207 nominant:
678 2155 760 2207 addu-
802 2173 869 2208 voce
886 2155 1022 2209 reddenda
1042 2166 1154 2228 peccaut
1165 2150 1313 2204 Bucherius

248 2233 448 2303 ctusprsecipue
458 2233 503 2285 illo
513 2233 593 2286 Ennii
603 2233 674 2305 apud
688 2237 760 2306 Apu·
803 2245 882 2304 atque
903 2235 1066 2289 Harduinus.
1081 2233 1162 2302 Quod
1182 2249 1261 2304 porro
1279 2232 1316 2282 ab

247 2310 330 2363 laium
346 2313 374 2364 in
389 2314 515 2384 Apologia
530 2315 666 2367 carmine:
680 2317 761 2367 eoin-
804 2313 863 2366 aliis
870 2313 1000 2379 laudatus,
1013 2315 1149 2368 nonnullis
1159 2313 1240 2367 etiam
1253 2311 1317 2364 vilis

248 2389 328 2443 nibus
350 2405 379 2445 ut
403 2393 497 2464 clupea
521 2406 625 2465 prestat
649 2394 760 2447 mustela
804 2405 963 2460 censeatur;
983 2394 1010 2447 id
1026 2413 1075 2465 pru
1093 2392 1203 2447 diversis
1218 2390 1317 2444 accidit

248 2469 388 2524 marina.»
417 2472 497 2544 Atqui
523 2479 615 2540 clapeoe
636 2473 760 2527 illiceat
804 2471 1317 2544 annitemporibas.Quumversemari

248 2549 491 2617 scribendum,non
501 2553 761 2624 clupeoslocumque,
804 2553 918 2604 subeunt
929 2552 1009 2605 flavia
1023 2551 1139 2624 squamis
1148 2549 1250 2602 horridi
1263 2551 1319 2602 for·

248 2644 305 2679 uon
326 2631 441 2700 piscem,
467 2651 521 2700 vox,
543 2633 589 2684 illa
615 2633 757 2704 significat.
804 2631 878 2684 tussis
891 2633 925 2684 ab
938 2633 1013 2684 attilo
1028 2630 1215 2697 vorati,illum
1228 2629 1318 2682 exani·

249 2706 372 2780 Clupeas,
390 2710 476 2782 inquit
488 2711 588 2764 Ennius
606 2713 617 2780 (
627 2711 655 2764 id
671 2713 700 2764 in
712 2731 759 2766 ora
804 2723 977 2764 maotvenam
986 2711 1015 2764 in
1025 2711 1146 2764 faucibus
1156 2707 1317 2762 scindentes.

249 2785 344 2839 Africae
354 2789 452 2845 clarum
466 2790 529 2843 olim
547 2791 676 2862 oppidum
695 2792 759 2857 fuit,
803 2791 941 2845 Vocantur
965 2793 1045 2845 etiam
1064 2792 1155 2854 alosa,
1174 2788 1215 2842 vel
1230 2789 1264 2840 ab
1280 2789 1317 2842 iis

248 2863 406 2938 Pomponio,
420 2870 524 2933 Plinio,
539 2870 652 2942 aliisque
670 2884 760 2924 aucto·
803 2887 899 2940 parum
912 2871 1022 2924 distant.
1043 2871 1190 2944 Capiuatur
1200 2867 1317 2920 maxime

248 2944 359 3014 ribus),
370 2949 510 3018 prefertur
523 2950 624 3002 caeteris
636 2951 760 3004 omnibus
802 2967 886 3021 prope
908 2950 1016 3002 Sorbuli
1031 2962 1155 3022 pontem,
1175 2960 1254 3018 atque
1268 2947 1317 2998 uhi

249 3023 364 3092 piscium
377 3028 516 3098 generibus
528 3030 640 3082 mustela
650 3030 758 3082 marina.
802 3027 876 3080 Nicia
889 3030 979 3082 sesein
990 3030 1094 3082 Padum
1105 3041 1237 3082 exonerat.
1248 3027 1317 3078 Con-

249 3102 353 3167 Quibus
366 3107 474 3158 enimin
485 3107 550 3159 locis
564 3107 610 3179 qui
623 3109 706 3177 pisces
717 3128 760 3161 ex·
804 3107 859 3159 sule
868 3127 909 3172 ea,
924 3109 1178 3180 quaradnotarimus
1191 3107 1218 3159 in
1227 3107 1318 3160 Musa-

249 3181 760 3258 cellam,tuncEnniumpersequi‚se-
803 3203 864 3238 rum
883 3187 1011 3259 epiniciis.
1036 3189 1213 3242 Inveniuntur
1231 3205 1317 3256 quan-

248 3275 360 3332 qoentes
374 3276 435 3334 post
454 3266 531 3317 illum
551 3264 648 3318 deinde
668 3285 758 3318 versus
804 3264 1316 3338 doqueiuattilialvoviventesclupeus,

249 3341 410 3412 apertissime
427 3343 554 3397 iudicant.
564 3344 674 3398 Accedit
685 3345 758 3416 quod
802 3359 831 3398 ut
844 3346 910 3398 mihi
920 3359 1032 3401 testatur
1044 3368 1101 3401 non
1112 3348 1190 3400 unica
1204 3345 1317 3418 epistola

241 3419 357 3489 ingloria
378 3417 486 3492 prorsus
512 3443 528 3475 a
550 3424 636 3476 Plinio
660 3424 758 3476 mentio
803 3426 1106 3498 DominieusAngelinus
1121 3424 1317 3478 eruditissimus

247 3499 348 3570 clupeae
369 3501 498 3566 babetur,
525 3523 609 3574 quum
634 3503 758 3556 minimus
802 3506 937 3559 consultus
955 3507 1036 3578 juris,
1056 3504 1208 3578 et'publicae
1223 3503 1317 3556 Ferra-

239 3578 325 3650 -piscis
339 3581 505 3653 appellatur:
525 3583 637 3655 ideoque
657 3583 704 3635 etsi
719 3601 758 3635 re·
802 3584 895 3636 aiensis
922 3583 1089 3638 bibliothecae
1112 3585 1260 3656 prefectus.
1282 3585 1317 3638 In

247 3676 309 3713 cens
320 3660 494 3713 Etruscorum
505 3681 557 3714 vox
567 3663 661 3732 priscae
673 3662 760 3716 videa·
803 3663 853 3716 hac
865 3663 946 3714 Plinii
966 3665 1118 3716 narratione
1135 3663 1216 3716 fidem
1240 3681 1317 3716 suam

246 3751 291 3790 tur
312 3739 429 3792 alludere
446 3739 608 3812 (persimilis
627 3741 696 3794 enim
719 3756 759 3796 est
803 3742 912 3796 minime
931 3743 1072 3815 obstringit
1090 3741 1190 3814 Joseph
1203 3741 1317 3795 Buccius

247 3823 338 3886 alapeoe
356 3832 382 3872 et
396 3822 504 3888 clieppoe
519 3821 720 3875 nomenclatura
729 3828 757 3893 J:
792 3821 911 3874 illustris
924 3821 952 3872 in
967 3821 1101 3875 medicina
1118 3820 1253 3886 facienda,
1268 3824 1317 3891 qui

246 3915 330 3967 quum
348 3910 437 3959 temen
453 3899 535 3952 nullis
556 3899 614 3951 aliis
632 3899 759 3954 fulciatur
802 3901 919 3955 curiosas
940 3899 973 3954 ds
991 3902 1123 3968 sturione,
1143 3914 1222 3971 atque
1240 3901 1317 3954 attilo

248 3975 433 4048 hujuscemodi
445 3978 535 4052 opinio
548 3979 709 4046 rationibus,
723 3979 757 4036 ad
790 3981 927 4034 -notiones
940 3981 1116 4053 suppeditavit
1130 3981 1217 4034 amico
1230 3981 1318 4050 Ange·
