2880 4974
500 417 661 484 LIBER
694 418 763 484 lx.
1118 447 1167 517 29

56 553 156 620 fossa
169 537 200 579 ¹⁴
225 563 325 616 extra
351 571 476 642 aquus,
495 559 550 634 et,
572 559 732 642 cooperta
752 561 858 634 terra,
880 571 920 618 ac
942 535 1086 642 pavita¹⁵
1108 577 1166 646 pe·

56 674 162 728 ctore
188 670 230 726 et
252 653 483 748 complanata,
512 653 673 724 incubant
686 653 851 724 noctibus.
868 641 1060 724 Educunt¹6
1077 657 1165 730 fetus

57 790 189 834 annuo
217 762 340 856 spatio.
382 760 527 849 Quidam
552 758 656 830 oculis
679 759 927 855 spectandoque
958 787 1024 830 ova
1057 764 1164 836 foveri

57 873 103 940 ab
126 873 172 940 iis
195 883 326 964 putant
345 894 352 936 :
373 865 543 936 feminas'7
559 868 684 936 coitum
703 866 836 961 fugere,
852 867 960 936 donec
974 893 1046 938 mas
1065 871 1165 942 festu·

57 1003 141 1047 cam
162 975 325 1070 aliquam
348 976 499 1068 imponat
513 997 644 1042 aversae.
663 973 875 1067 Troglodytas
894 977 1083 1070 cornigeras
1100 979 1164 1048 hu-

3 1127 4 1176 1
57 1086 171 1169 bent‚
200 1097 244 1152 ut
263 1085 298 1152 in
310 1080 401 1175 lyra,
422 1081 557 1150 annexis
576 1080 734 1150 cornibus
750 1079 840 1164 latis,
862 1080 920 1149 sed
935 1082 1115 1156 mobilibus
1127 1074 1164 1174 ¹⁸,

3 1257 4 1270 ἶ
57 1215 224 1285 quorum
246 1191 285 1258 in
305 1187 454 1258 natando
471 1188 611 1282 remigio
628 1211 663 1254 se.
681 1186 863 1280 adjuvant:
884 1186 1036 1282 Chelyon
1055 1191 1089 1259 id
1102 1217 1163 1263 vo-

3 1341 4 1350 1
57 1296 355 1384 catur¹⁹‚eximiae
372 1293 558 1380 testudinis,
570 1292 628 1362 sed
647 1317 744 1362 rarae:
755 1317 899 1388 namque
914 1294 1069 1390 scopuli²⁰
1085 1326 1166 1394 prae.

1183 1038 1198 1096 4

103 1506 151 1564 ι4.
165 1503 264 1564 anue
276 1496 388 1564 defossa.
401 1494 481 1548 Arist.
494 1493 603 1566 pariter,
647 1491 735 1556 tione,
757 1489 837 1546 docet
857 1492 1017 1548 Plutarchus
1031 1497 1100 1552 libro
1117 1501 1164 1556 illo

59 1579 137 1630 llist.
154 1578 254 1629 Anim.
273 1576 319 1628 lib,
334 1577 376 1642 V,
390 1593 449 1646 cap.
469 1575 523 1636 28,
541 1592 601 1644 pag.
647 1571 723 1624 toties
735 1569 863 1644 allegato,
877 1572 920 1625 his
935 1575 1045 1628 verbis:
1060 1603 1072 1622 u
1082 1580 1163 1646 Quod

60 1659 123 1720 634
137 1696 146 1719 ,
161 1657 203 1708 de
215 1657 319 1708 marina
334 1653 444 1726 parlter‚
454 1673 485 1706 ac
497 1665 602 1707 terrena
645 1662 732 1704 antem
744 1651 796 1706 hoc
809 1651 1008 1722 admirabilius,
1019 1654 1088 1710 diem
1097 1677 1163 1730 qua·

59 1737 226 1792 testudine.
237 1737 331 1788 Henn.
645 1730 826 1802 dragesimam
836 1735 1026 1808 observantes,
1039 1749 1077 1790 tot
1089 1741 1162 1794 enim

106 1818 155 1870 15.
168 1824 214 1869 Ac
224 1820 322 1884 pavita.
345 1820 422 1866 Terra
434 1817 538 1882 pavita,
559 1812 602 1866 vel
644 1810 739 1864 diebus
752 1826 939 1883 excoquuntur
952 1816 1162 1890 abrumpuntur-

1 1888 6 1904 ’
61 1915 154 1958 zerra,
184 1917 270 1964 eaque
289 1899 394 1964 pavita,
416 1894 541 1948 libentius
564 1894 601 1946 le·
644 1909 777 1961 quecea,
792 1890 894 1946 accedit
910 1893 945 1946 ad
963 1895 1070 1962 locum,
1085 1916 1163 1968 agno

61 1978 158 2048 gerim
177 1996 185 2030 :
205 1989 276 2030 terra
292 1975 379 2036 enim,
397 1993 451 2028 nou
470 1993 535 2036 ova,
554 1991 600 2044 pa·
644 1987 776 2042 scenaque
808 1989 974 2044 unaqueque
1010 1974 1161 2046 depositum

62 2060 145 2110 vitnr
154 2056 302 2110 testudinis
310 2067 475 2127 pectore‚ac
485 2053 600 2124 compla-
634 2067 737 2112 tuum,
757 2061 787 2102 ut
806 2050 927 2106 solertius
939 2054 1062 2124 nequiret
1080 2056 1161 2110 humo

63 2151 165 2189 natur.
183 2137 277 2188 Hrnn.
643 2127 712 2180 ullus
727 2129 786 2182 auri
796 2127 946 2200 depositum
960 2152 1119 2204 agnoscere,
1135 2155 1162 2190 a·

107 2220 153 2269 16.
169 2221 293 2268 Educunt
301 2217 381 2285 setus.
403 2214 462 2268 Hoc
480 2225 539 2278 est,
556 2234 600 2268 ex·
643 2207 705 2260 vide
715 2222 892 2280 prompteque
905 2213 1019 2282 aperit.»
1034 2213 1111 2268 Pmr.

62 2297 202 2350 cludunt.
217 2295 289 2348 Editi
307 2296 437 2350 hactenus
455 2293 516 2348 libri
537 2313 599 2366 per·
682 2307 722 2360 17·
735 2292 849 2342 Feminae
857 2294 946 2342 coitum
950 2295 1053 2361 sugere.
1063 2296 1162 2367 Oppia·

63 2395 188 2447 peram,
208 2380 336 2442 educant,
357 2387 452 2430 contra
476 2375 599 2428 codicum
643 2385 707 2428 11⁰³,
723 2369 839 2422 Halieut.
855 2370 900 2422 lib·
914 2372 978 2432 12v·
992 2375 1042 2428 tn
1058 2390 1065 2424 :
1087 2377 1119 2430 Αἱ
1131 2374 1161 2428 dl

64 2456 149 2508 MSS,
163 2453 251 2508 fidem
271 2477 278 2508 :
294 2467 387 2508 contra
407 2454 599 2524 Philosophum
643 2449 708 2520 μέγα
717 2451 860 2518 τρομέουσι,
882 2451 923 2503 καὶ
935 2454 1069 2524 ἐχθαίρουσι
1080 2464 1160 2522 χελῶ-

64 2539 189 2607 ipsum,
210 2535 258 2605 qui
268 2547 357 2588 tamen
371 2535 423 2588 loc,
441 2533 487 2586 eit.
500 2533 553 2587 hoc
566 2533 600 2588 de
642 2546 681 2578 ναι
695 2517 728 2580 ὃν
740 2529 830 2600 γάμον.
843 2528 937 2584 Hanc·

65 2615 200 2668 terrestri
212 2615 428 2678 testudinc‚nou
441 2613 476 2668 de
495 2614 598 2668 marina
681 2607 720 2659 18.
743 2610 860 2658 Annexis
880 2613 995 2660 cornibus
1018 2615 1090 2674 latis,
1116 2617 1164 2664 sed

66 2692 408 2748 scribim’utmstuttet
420 2692 598 2764 ὠὰτῷὺστέρῳ
642 2689 776 2738 mobilibus.
797 2687 848 2738 Pro
873 2689 998 2740 cornibus
1017 2690 1063 2744 bic
1080 2693 1161 2746 antici

67 2777 129 2827 ἔτει.
144 2777 266 2840 Sequenti
277 2793 345 2824 auno
362 2792 410 2824 ova
423 2777 598 2826 excluduntur.
642 2765 723 2838 pedes
735 2765 837 2836 accepll
847 2803 855 2828 ‚
865 2766 911 2838 qul
921 2767 1029 2836 quidem
1037 2769 1065 2824 in
1078 2782 1160 2824 testu-

67 2853 147 2920 Quid
159 2851 599 2924 quodnecmarinaeetiamtestu·
642 2845 751 2898 dinibus
775 2845 885 2896 marinis
911 2845 1003 2916 longi,
1032 2848 1112 2902 exiles
1134 2863 1161 2904 et

68 2934 144 2988 dinis
156 2952 212 2986 ova
226 2946 280 2986 tam
288 2933 417 2986 diuturna
428 2931 599 2986 incubatione
641 2925 712 2980 acuti
725 2935 797 2976 sunt.
810 2925 931 2982 Curru.

70 3032 170 3086 egere,
185 3013 233 3066 ,ed
248 3013 352 3066 dierum
372 3012 460 3066 ,olum
481 3011 613 3082 quadra..
680 3025 722 3074 19·
738 3008 844 3070 Clielrort
859 3008 887 3056 id
903 3007 1162 3080 vocatur.1mpretsi

70 3096 164 3165 ginta,
176 3103 316 3146 auctorest
323 3090 495 3152 Plutarchus,
508 3092 553 3144 lib.
565 3091 599 3146 de
641 3085 702 3138 libri
715 3084 862 3149 exhibent,
877 3087 975 3136 Celtium
987 3106 1068 3154 genus
1078 3091 1106 3140 id
1115 3110 1162 3140 vo·

70 3174 175 3226 Solert.
186 3171 301 3224 Animal.
311 3190 371 3242 pag.
380 3172 431 3238 98²
442 3170 506 3238 (vid.
518 3171 598 3241 inl.);
641 3182 720 3218 catur.
736 3164 789 3220 Sed
802 3161 852 3220 nox
868 3186 948 3234 genus
959 3166 1089 3238 glossema
1104 3183 1161 3234 est,

72 3253 203 3306 AEliunus
212 3271 335 3324 quoque,
348 3253 414 3304 Vur¹
427 3251 494 3304 Hist.
509 3251 553 3304 lib.
567 3253 598 3316 1,
642 3245 715 3318 quod
726 3265 740 3297 a
751 3247 815 3316 teg.
830 3265 855 3312 1,
868 3265 898 3310 π,
912 3247 988 3302 Colb.
1002 3266 1023 3308 1,
1035 3267 1049 3300 s
1060 3286 1068 3312 ,
1079 3250 1160 3304 Poris.

73 3352 137 3403 cap.
152 3337 180 3386 6.
191 3331 404 3398 Herem-Ego
421 3350 470 3401 pro
490 3335 600 3384 educam
641 3326 751 3397 aliisque
777 3325 886 3395 optimis
912 3325 1051 3382 codicibus
1075 3330 1159 3384 abest.

67 3415 139 3479 sens
155 3431 242 3464 annuo
254 3415 347 3478 spatio,
367 3429 463 3466 censeo
481 3411 598 3464 scriben-
641 3406 695 3458 Nos
709 3405 841 3460 sinceram
854 3405 996 3458 lectionem
1015 3425 1048 3460 ex
1064 3408 1159 3464 iisdem

75 3491 144 3544 dum
162 3510 239 3554 esse,
257 3495 366 3542 educunt
373 3492 458 3558 semi,
478 3491 530 3544 hoc
547 3503 598 3554 est,
641 3492 776 3554 eruimus,
789 3496 892 3558 clelyou
910 3496 939 3546 id
955 3509 1079 3550 uocauit:
1093 3498 1160 3568 quid

76 3577 238 3634 excludunt,
250 3590 304 3624 non
318 3575 436 3622 educant.
447 3571 599 3624 Aristoteles
642 3575 725 3640 χέλυον
738 3571 791 3632 sit,
812 3573 868 3642 jam
885 3591 945 3642 sup.
958 3572 1077 3632 diximus
1090 3577 1159 3630 libro

76 3650 599 3718 locoantedicto,Fetumquesequenteau·
643 3641 700 3715 Vl,
714 3669 775 3720 cap.
786 3649 829 3713 34.
846 3651 935 3704 Haut).

1 3719 2 3738 ¹
79 3752 112 3784 no
126 3735 248 3784 excludit.
260 3731 359 3784 Similis
377 3741 466 3782 autern
481 3729 526 3781 hic
539 3729 598 3783 hal·
681 3749 722 3784 ιο.
731 3733 957 3798 Namqueteopuli.
970 3733 1064 3788 Rarius
1073 3735 1161 3788 visun·

1 3835 2 3844 κ
79 3811 209 3864 lucinatio
226 3811 317 3882 priori.
333 3812 402 3864 Nam
418 3807 452 3862 de
465 3809 599 3864 testudine
643 3821 697 3874 tur,
723 3809 831 3880 inquit,
853 3810 901 3864 etsi
925 3812 1082 3883 pretiosiora
1107 3815 1161 3868 sint

81 3891 198 3944 terrestri
207 3891 264 3942 baec
273 3890 365 3944 scribit
374 3888 536 3955 Aristoteles,
543 3909 599 3944 non
642 3889 741 3944 harum
756 3889 937 3954 testudinum,
952 3909 1031 3961 quarn
1050 3905 1159 3946 curtera-

1 3997 2 4010 π
82 3970 191 4022 marina.
204 3971 262 4025 Ova
277 3969 350 4024 euim
364 3967 505 4022 testudinis
517 3969 598 4022 muri·
643 3987 703 4020 rum
721 3969 887 4042 operimenta
907 3987 914 4021 :
937 3969 1063 4040 quoniam
1080 3991 1160 4042 praa-

1 4101 2 4118 *
82 4067 122 4102 nae
135 4068 191 4102 non
202 4048 321 4121 indigere
331 4061 387 4102 tam
399 4048 476 4117 longa
491 4049 601 4102 incuba-
644 4061 721 4102 cntos
735 4049 803 4102 inter
813 4050 939 4121 scopulos
952 4060 1094 4121 cautesque
1104 4071 1161 4106 ver-
