<?xml version="1.0" encoding="UTF-8"?>
<!DOCTYPE html PUBLIC "-//W3C//DTD XHTML 1.0 Transitional//EN"
    "http://www.w3.org/TR/xhtml1/DTD/xhtml1-transitional.dtd">
<html xmlns="http://www.w3.org/1999/xhtml" xml:lang="en" lang="en">
 <head>
  <title>
</title>
<meta http-equiv="Content-Type" content="text/html;charset=utf-8" />
  <meta name='ocr-system' content='tesseract 3.04.00' />
  <meta name='ocr-capabilities' content='ocr_page ocr_carea ocr_par ocr_line ocrx_word'/>
</head>
<body>
  <div class='ocr_page' id='page_1' title='image "bibliothecaclas106lemagoog_0052.png"; bbox 0 0 2880 4974; ppageno 0'>
   <div class='ocr_carea' id='block_1_1' title="bbox 516 415 1169 512">
    <p class='ocr_par' dir='ltr' id='par_1_1' title="bbox 516 415 1169 512">
     <span class='ocr_line' id='line_1_1' title="bbox 516 415 1169 512; baseline 0.003 -26"><span class='ocrx_word' id='word_1_1' title='bbox 516 415 676 486; x_wconf 85' lang='lat' dir='ltr'>LIBER</span> <span class='ocrx_word' id='word_1_2' title='bbox 703 418 769 486; x_wconf 86' lang='lat' dir='ltr'>IX.</span> <span class='ocrx_word' id='word_1_3' title='bbox 1123 416 1169 512; x_wconf 79' lang='lat'>37</span> 
     </span>
    </p>
   </div>
   <div class='ocr_carea' id='block_1_2' title="bbox 103 533 1174 644">
    <p class='ocr_par' dir='ltr' id='par_1_2' title="bbox 103 533 1174 644">
     <span class='ocr_line' id='line_1_2' title="bbox 103 533 1174 644; baseline 0.003 -28"><span class='ocrx_word' id='word_1_4' title='bbox 103 533 236 618; x_wconf 84' lang='lat' dir='ltr'>attilus⁶</span> <span class='ocrx_word' id='word_1_5' title='bbox 254 549 291 615; x_wconf 89' lang='lat' dir='ltr'>in</span> <span class='ocrx_word' id='word_1_6' title='bbox 304 545 416 634; x_wconf 79' lang='lat' dir='ltr'>Pado,</span> <span class='ocrx_word' id='word_1_7' title='bbox 437 547 554 616; x_wconf 82' lang='lat' dir='ltr'>inertie</span> <span class='ocrx_word' id='word_1_8' title='bbox 568 547 813 641; x_wconf 83' lang='lat' dir='ltr'>pinguescens⁷,</span> <span class='ocrx_word' id='word_1_9' title='bbox 834 548 876 618; x_wconf 79' lang='lat' dir='ltr'>ad</span> <span class='ocrx_word' id='word_1_10' title='bbox 895 547 983 618; x_wconf 88' lang='lat' dir='ltr'>mille</span> <span class='ocrx_word' id='word_1_11' title='bbox 997 547 1174 644; x_wconf 79' lang='lat' dir='ltr'>aliquando</span> 
     </span>
    </p>
   </div>
   <div class='ocr_carea' id='block_1_3' title="bbox 14 727 1173 1000">
    <p class='ocr_par' dir='ltr' id='par_1_3' title="bbox 14 727 1173 1000">
     <span class='ocr_line' id='line_1_3' title="bbox 14 727 1173 822; baseline 0.001 -1"><span class='ocrx_word' id='word_1_12' title='bbox 14 747 15 786; x_wconf 63' lang='lat' dir='ltr'>t</span> <span class='ocrx_word' id='word_1_13' title='bbox 103 769 159 821; x_wconf 75' lang='lat' dir='ltr'>cole</span> <span class='ocrx_word' id='word_1_14' title='bbox 178 787 247 822; x_wconf 78' lang='lat' dir='ltr'>voce</span> <span class='ocrx_word' id='word_1_15' title='bbox 264 765 345 820; x_wconf 87' lang='lat' dir='ltr'>iidem</span> <span class='ocrx_word' id='word_1_16' title='bbox 369 767 516 818; x_wconf 77' lang='lat' dir='ltr'>Voraor&#39;cem</span> <span class='ocrx_word' id='word_1_17' title='bbox 537 767 635 818; x_wconf 71' lang='lat' dir='ltr'>lomi-¹</span> <span class='ocrx_word' id='word_1_18' title='bbox 661 765 768 820; x_wconf 82' lang='lat' dir='ltr'>udebili</span> <span class='ocrx_word' id='word_1_19' title='bbox 784 780 809 822; x_wconf 86' lang='lat' dir='ltr'>et</span> <span class='ocrx_word' id='word_1_20' title='bbox 824 727 940 822; x_wconf 86' lang='lat' dir='ltr'>inrioouo</span> <span class='ocrx_word' id='word_1_21' title='bbox 953 769 1173 822; x_wconf 67' lang='lat' dir='ltr'>seridonaesactum</span> 
     </span>
     <span class='ocr_line' id='line_1_4' title="bbox 103 845 1171 916; baseline 0.003 -17"><span class='ocrx_word' id='word_1_22' title='bbox 103 869 169 914; x_wconf 73' lang='lat' dir='ltr'>urim,</span> <span class='ocrx_word' id='word_1_23' title='bbox 180 848 299 900; x_wconf 80' lang='lat' dir='ltr'>belluam</span> <span class='ocrx_word' id='word_1_24' title='bbox 306 845 614 916; x_wconf 73' lang='lat' dir='ltr'>benooognominnrunt.</span> <span class='ocrx_word' id='word_1_25' title='bbox 660 847 788 901; x_wconf 74' lang='lat' dir='ltr'>novimus.</span> <span class='ocrx_word' id='word_1_26' title='bbox 800 850 932 902; x_wconf 81' lang='lat' dir='ltr'>3⁰Aueon.</span> <span class='ocrx_word' id='word_1_27' title='bbox 946 849 1052 902; x_wconf 76' lang='lat' dir='ltr'>Mosell.</span> <span class='ocrx_word' id='word_1_28' title='bbox 1066 867 1094 902; x_wconf 77' lang='lat' dir='ltr'>v.</span> <span class='ocrx_word' id='word_1_29' title='bbox 1110 849 1171 915; x_wconf 76' lang='lat'>125,</span> 
     </span>
     <span class='ocr_line' id='line_1_5' title="bbox 102 923 1173 1000; baseline 0 -20"><span class='ocrx_word' id='word_1_30' title='bbox 102 929 161 982; x_wconf 87' lang='lat' dir='ltr'>Non</span> <span class='ocrx_word' id='word_1_31' title='bbox 183 927 318 998; x_wconf 68' lang='lat' dir='ltr'>squamis,</span> <span class='ocrx_word' id='word_1_32' title='bbox 336 923 382 978; x_wconf 78' lang='lat' dir='ltr'>ced</span> <span class='ocrx_word' id='word_1_33' title='bbox 400 923 473 978; x_wconf 91' lang='lat' dir='ltr'>molli</span> <span class='ocrx_word' id='word_1_34' title='bbox 493 935 553 976; x_wconf 87' lang='lat' dir='ltr'>cute</span> <span class='ocrx_word' id='word_1_35' title='bbox 578 923 616 974; x_wconf 89' lang='lat' dir='ltr'>ui·</span> <span class='ocrx_word' id='word_1_36' title='bbox 660 926 824 980; x_wconf 72' lang='lat' dir='ltr'>simillimum</span> <span class='ocrx_word' id='word_1_37' title='bbox 834 927 962 999; x_wconf 85' lang='lat' dir='ltr'>delphino</span> <span class='ocrx_word' id='word_1_38' title='bbox 975 929 1129 1000; x_wconf 77' lang='lat' dir='ltr'><strong>pronuntiat</strong></span> <span class='ocrx_word' id='word_1_39' title='bbox 1142 947 1173 980; x_wconf 77' lang='lat' dir='ltr'>ac</span> 
     </span>
    </p>
   </div>
   <div class='ocr_carea' id='block_1_4' title="bbox 14 1003 1173 1078">
    <p class='ocr_par' dir='ltr' id='par_1_4' title="bbox 14 1003 1173 1078">
     <span class='ocr_line' id='line_1_6' title="bbox 14 1003 1173 1078; baseline 0.003 -21"><span class='ocrx_word' id='word_1_40' title='bbox 14 1023 15 1044; x_wconf 60' lang='lat'>¹</span> <span class='ocrx_word' id='word_1_41' title='bbox 101 1025 216 1078; x_wconf 51' lang='lat' dir='ltr'>meque,</span> <span class='ocrx_word' id='word_1_42' title='bbox 230 1006 353 1076; x_wconf 67' lang='lat' dir='ltr'>anguilla</span> <span class='ocrx_word' id='word_1_43' title='bbox 366 1005 446 1058; x_wconf 77' lang='lat' dir='ltr'>inetur</span> <span class='ocrx_word' id='word_1_44' title='bbox 460 1003 615 1066; x_wconf 89' lang='lat' dir='ltr'>obducitur,</span> <span class='ocrx_word' id='word_1_45' title='bbox 659 1005 719 1058; x_wconf 88' lang='lat' dir='ltr'>oleo</span> <span class='ocrx_word' id='word_1_46' title='bbox 729 1008 809 1060; x_wconf 83' lang='lat' dir='ltr'>veluti</span> <span class='ocrx_word' id='word_1_47' title='bbox 823 1008 937 1072; x_wconf 66' lang='lat' dir='ltr'>illitum</span> <span class='ocrx_word' id='word_1_48' title='bbox 954 1019 1098 1078; x_wconf 86' lang='lat' dir='ltr'>utrumque</span> <span class='ocrx_word' id='word_1_49' title='bbox 1109 1027 1173 1060; x_wconf 82' lang='lat' dir='ltr'>roro</span> 
     </span>
    </p>
   </div>
   <div class='ocr_carea' id='block_1_5' title="bbox 102 1082 1256 3772">
    <p class='ocr_par' dir='ltr' id='par_1_5' title="bbox 102 1082 1256 3772">
     <span class='ocr_line' id='line_1_7' title="bbox 102 1082 1172 1158; baseline 0.002 -20"><span class='ocrx_word' id='word_1_50' title='bbox 102 1085 250 1138; x_wconf 81' lang='lat' dir='ltr'>subalbidie</span> <span class='ocrx_word' id='word_1_51' title='bbox 261 1082 613 1137; x_wconf 77' lang='lat' dir='ltr'>tamenmaculiediotiucte:</span> <span class='ocrx_word' id='word_1_52' title='bbox 659 1091 693 1154; x_wconf 79' lang='grc' dir='ltr'>τῷ</span> <span class='ocrx_word' id='word_1_53' title='bbox 714 1091 781 1138; x_wconf 82' lang='lat' dir='ltr'>wells</span> <span class='ocrx_word' id='word_1_54' title='bbox 799 1088 899 1158; x_wconf 86' lang='lat' dir='ltr'>optime</span> <span class='ocrx_word' id='word_1_55' title='bbox 912 1087 1053 1152; x_wconf 86' lang='lat' dir='ltr'>convenit,</span> <span class='ocrx_word' id='word_1_56' title='bbox 1071 1087 1116 1139; x_wconf 90' lang='lat' dir='ltr'>cni</span> <span class='ocrx_word' id='word_1_57' title='bbox 1129 1088 1172 1140; x_wconf 79' lang='lat' dir='ltr'>lae·</span> 
     </span>
     <span class='ocr_line' id='line_1_8' title="bbox 102 1161 1173 1236; baseline -0.001 -19"><span class='ocrx_word' id='word_1_58' title='bbox 102 1163 310 1236; x_wconf 73' lang='lat' dir='ltr'>quadringentas</span> <span class='ocrx_word' id='word_1_59' title='bbox 317 1162 452 1216; x_wconf 87' lang='lat' dir='ltr'>interdum</span> <span class='ocrx_word' id='word_1_60' title='bbox 462 1161 540 1214; x_wconf 75' lang='lat' dir='ltr'>libras</span> <span class='ocrx_word' id='word_1_61' title='bbox 550 1179 614 1231; x_wconf 92' lang='lat' dir='ltr'>pon·</span> <span class='ocrx_word' id='word_1_62' title='bbox 659 1162 725 1216; x_wconf 80' lang='lat' dir='ltr'>vitae</span> <span class='ocrx_word' id='word_1_63' title='bbox 738 1177 763 1217; x_wconf 86' lang='lat' dir='ltr'>et</span> <span class='ocrx_word' id='word_1_64' title='bbox 781 1165 869 1218; x_wconf 69' lang='lat' dir='ltr'>fuscus</span> <span class='ocrx_word' id='word_1_65' title='bbox 885 1166 964 1226; x_wconf 87' lang='lat' dir='ltr'>viror,</span> <span class='ocrx_word' id='word_1_66' title='bbox 983 1177 1106 1217; x_wconf 87' lang='lat' dir='ltr'>neutrum</span> <span class='ocrx_word' id='word_1_67' title='bbox 1121 1181 1173 1216; x_wconf 82' lang='lat' dir='ltr'>seu·</span> 
     </span>
     <span class='ocr_line' id='line_1_9' title="bbox 103 1239 1173 1314; baseline 0.002 -20"><span class='ocrx_word' id='word_1_68' title='bbox 103 1243 166 1296; x_wconf 89' lang='lat' dir='ltr'>dere</span> <span class='ocrx_word' id='word_1_69' title='bbox 183 1243 310 1298; x_wconf 78' lang='lat' dir='ltr'>excedit:</span> <span class='ocrx_word' id='word_1_70' title='bbox 336 1241 492 1294; x_wconf 79' lang='lat' dir='ltr'>lautioribus</span> <span class='ocrx_word' id='word_1_71' title='bbox 517 1239 614 1293; x_wconf 76' lang='lat' dir='ltr'>mensis</span> <span class='ocrx_word' id='word_1_72' title='bbox 659 1244 723 1294; x_wconf 63' lang='lat' dir='ltr'>wioni</span> <span class='ocrx_word' id='word_1_73' title='bbox 739 1244 824 1314; x_wconf 84' lang='lat' dir='ltr'>quiet</span> <span class='ocrx_word' id='word_1_74' title='bbox 846 1244 942 1298; x_wconf 87' lang='lat' dir='ltr'>cinerei</span> <span class='ocrx_word' id='word_1_75' title='bbox 959 1244 1054 1296; x_wconf 80' lang='lat' dir='ltr'>colorie</span> <span class='ocrx_word' id='word_1_76' title='bbox 1076 1257 1132 1306; x_wconf 77' lang='lat' dir='ltr'>est,</span> <span class='ocrx_word' id='word_1_77' title='bbox 1147 1255 1173 1298; x_wconf 90' lang='lat' dir='ltr'>et</span> 
     </span>
     <span class='ocr_line' id='line_1_10' title="bbox 102 1320 1173 1394; baseline 0.003 -22"><span class='ocrx_word' id='word_1_78' title='bbox 102 1341 154 1375; x_wconf 89' lang='lat' dir='ltr'>non</span> <span class='ocrx_word' id='word_1_79' title='bbox 163 1323 326 1388; x_wconf 81' lang='lat' dir='ltr'>admittitur,</span> <span class='ocrx_word' id='word_1_80' title='bbox 334 1321 384 1374; x_wconf 87' lang='lat' dir='ltr'>vile</span> <span class='ocrx_word' id='word_1_81' title='bbox 391 1321 473 1392; x_wconf 75' lang='lat' dir='ltr'>plebit</span> <span class='ocrx_word' id='word_1_82' title='bbox 479 1320 614 1392; x_wconf 81' lang='lat' dir='ltr'>pabulum.</span> <span class='ocrx_word' id='word_1_83' title='bbox 661 1322 743 1392; x_wconf 72' lang='lat' dir='ltr'>spinis</span> <span class='ocrx_word' id='word_1_84' title='bbox 753 1323 852 1376; x_wconf 86' lang='lat' dir='ltr'>horret.</span> <span class='ocrx_word' id='word_1_85' title='bbox 867 1326 894 1384; x_wconf 67' lang='lat'>4⁸</span> <span class='ocrx_word' id='word_1_86' title='bbox 903 1323 1000 1376; x_wconf 72' lang='lat' dir='ltr'>Ciceris</span> <span class='ocrx_word' id='word_1_87' title='bbox 1015 1323 1173 1394; x_wconf 76' lang='lat' dir='ltr'>magnitudi-</span> 
     </span>
     <span class='ocr_line' id='line_1_11' title="bbox 103 1402 1170 1473; baseline 0.002 -19"><span class='ocrx_word' id='word_1_88' title='bbox 103 1402 168 1466; x_wconf 72' lang='lat' dir='ltr'>Que</span> <span class='ocrx_word' id='word_1_89' title='bbox 181 1404 267 1456; x_wconf 85' lang='lat' dir='ltr'>siluro</span> <span class='ocrx_word' id='word_1_90' title='bbox 278 1405 406 1454; x_wconf 86' lang='lat' dir='ltr'>Veterum</span> <span class='ocrx_word' id='word_1_91' title='bbox 416 1411 468 1452; x_wconf 82' lang='lat' dir='ltr'>tem</span> <span class='ocrx_word' id='word_1_92' title='bbox 483 1410 543 1470; x_wconf 79' lang='lat' dir='ltr'>epte</span> <span class='ocrx_word' id='word_1_93' title='bbox 554 1416 616 1450; x_wconf 90' lang='lat' dir='ltr'>con·</span> <span class='ocrx_word' id='word_1_94' title='bbox 660 1421 721 1454; x_wconf 84' lang='lat' dir='ltr'>nem</span> <span class='ocrx_word' id='word_1_95' title='bbox 734 1402 804 1454; x_wconf 79' lang='lat' dir='ltr'>illiue</span> <span class='ocrx_word' id='word_1_96' title='bbox 815 1404 872 1457; x_wconf 76' lang='lat' dir='ltr'>ovio</span> <span class='ocrx_word' id='word_1_97' title='bbox 883 1414 1032 1473; x_wconf 77' lang='lat' dir='ltr'>competere</span> <span class='ocrx_word' id='word_1_98' title='bbox 1040 1403 1076 1453; x_wconf 83' lang='lat' dir='ltr'>eit</span> <span class='ocrx_word' id='word_1_99' title='bbox 1090 1403 1170 1456; x_wconf 82' lang='lat' dir='ltr'>Arist.</span> 
     </span>
     <span class='ocr_line' id='line_1_12' title="bbox 103 1477 1173 1552; baseline -0.002 -18"><span class='ocrx_word' id='word_1_100' title='bbox 103 1483 223 1546; x_wconf 83' lang='lat' dir='ltr'>veniunt,</span> <span class='ocrx_word' id='word_1_101' title='bbox 234 1495 263 1538; x_wconf 87' lang='lat' dir='ltr'>ut</span> <span class='ocrx_word' id='word_1_102' title='bbox 274 1482 301 1534; x_wconf 90' lang='lat' dir='ltr'>in</span> <span class='ocrx_word' id='word_1_103' title='bbox 316 1481 412 1552; x_wconf 68' lang='lat' dir='ltr'>piscem</span> <span class='ocrx_word' id='word_1_104' title='bbox 425 1480 507 1531; x_wconf 81' lang='lat' dir='ltr'>alium</span> <span class='ocrx_word' id='word_1_105' title='bbox 519 1477 616 1534; x_wconf 82' lang='lat' dir='ltr'>cadere</span> <span class='ocrx_word' id='word_1_106' title='bbox 660 1481 733 1552; x_wconf 83' lang='lat' dir='ltr'>etqui</span> <span class='ocrx_word' id='word_1_107' title='bbox 742 1501 810 1535; x_wconf 80' lang='lat' dir='ltr'>uunt</span> <span class='ocrx_word' id='word_1_108' title='bbox 820 1496 857 1535; x_wconf 78' lang='lat' dir='ltr'>est</span> <span class='ocrx_word' id='word_1_109' title='bbox 869 1485 880 1534; x_wconf 77' lang='grc' dir='ltr'><strong>ὁ</strong></span> <span class='ocrx_word' id='word_1_110' title='bbox 894 1482 1173 1552; x_wconf 81' lang='lat' dir='ltr'>wells,quiovamaxi·</span> 
     </span>
     <span class='ocr_line' id='line_1_13' title="bbox 105 1557 1173 1632; baseline -0.001 -19"><span class='ocrx_word' id='word_1_111' title='bbox 105 1563 146 1615; x_wconf 85' lang='lat' dir='ltr'>vix</span> <span class='ocrx_word' id='word_1_112' title='bbox 160 1581 193 1614; x_wconf 83' lang='lat' dir='ltr'>ea</span> <span class='ocrx_word' id='word_1_113' title='bbox 206 1563 316 1632; x_wconf 68' lang='lat' dir='ltr'>possint.</span> <span class='ocrx_word' id='word_1_114' title='bbox 333 1561 440 1612; x_wconf 89' lang='lat' dir='ltr'>Iconem</span> <span class='ocrx_word' id='word_1_115' title='bbox 460 1559 547 1620; x_wconf 77' lang='lat' dir='ltr'>illius,</span> <span class='ocrx_word' id='word_1_116' title='bbox 566 1557 616 1610; x_wconf 77' lang='lat' dir='ltr'>sub</span> <span class='ocrx_word' id='word_1_117' title='bbox 661 1579 704 1613; x_wconf 81' lang='lat' dir='ltr'>ma</span> <span class='ocrx_word' id='word_1_118' title='bbox 721 1561 810 1616; x_wconf 82' lang='lat' dir='ltr'>habet.</span> <span class='ocrx_word' id='word_1_119' title='bbox 826 1562 882 1614; x_wconf 85' lang='lat' dir='ltr'>Neo</span> <span class='ocrx_word' id='word_1_120' title='bbox 896 1562 983 1614; x_wconf 81' lang='lat' dir='ltr'>minus</span> <span class='ocrx_word' id='word_1_121' title='bbox 996 1559 1059 1612; x_wconf 91' lang='lat' dir='ltr'>huic</span> <span class='ocrx_word' id='word_1_122' title='bbox 1070 1577 1100 1612; x_wconf 83' lang='lat' dir='ltr'>ea</span> <span class='ocrx_word' id='word_1_123' title='bbox 1111 1579 1173 1612; x_wconf 89' lang='lat' dir='ltr'>eon·</span> 
     </span>
     <span class='ocr_line' id='line_1_14' title="bbox 104 1637 1169 1712; baseline -0.009 -9"><span class='ocrx_word' id='word_1_124' title='bbox 104 1641 217 1711; x_wconf 62' lang='lat' dir='ltr'>glssnldlt</span> <span class='ocrx_word' id='word_1_125' title='bbox 228 1641 346 1702; x_wconf 68' lang='lat' dir='ltr'>nomine»</span> <span class='ocrx_word' id='word_1_126' title='bbox 356 1637 617 1692; x_wconf 66' lang='lat' dir='ltr'>exhibelffldwwn·</span> <span class='ocrx_word' id='word_1_127' title='bbox 660 1642 848 1712; x_wconf 58' lang='lat' dir='ltr'>reniumque</span> <span class='ocrx_word' id='word_1_128' title='bbox 859 1641 977 1694; x_wconf 89' lang='lat' dir='ltr'>hocloco</span> <span class='ocrx_word' id='word_1_129' title='bbox 985 1639 1094 1700; x_wconf 71' lang='lat' dir='ltr'>Noster,</span> <span class='ocrx_word' id='word_1_130' title='bbox 1110 1657 1169 1710; x_wconf 76' lang='lat' dir='ltr'>quu</span> 
     </span>
     <span class='ocr_line' id='line_1_15' title="bbox 106 1715 1172 1790; baseline -0.01 -17"><span class='ocrx_word' id='word_1_131' title='bbox 106 1721 154 1774; x_wconf 77' lang='lat' dir='ltr'>duo</span> <span class='ocrx_word' id='word_1_132' title='bbox 167 1742 199 1774; x_wconf 83' lang='lat' dir='ltr'>ex</span> <span class='ocrx_word' id='word_1_133' title='bbox 210 1722 332 1776; x_wconf 81' lang='lat' dir='ltr'>Gesnero</span> <span class='ocrx_word' id='word_1_134' title='bbox 343 1759 350 1785; x_wconf 92' lang='lat'>,</span> <span class='ocrx_word' id='word_1_135' title='bbox 362 1731 387 1774; x_wconf 85' lang='lat' dir='ltr'>et</span> <span class='ocrx_word' id='word_1_136' title='bbox 400 1719 524 1772; x_wconf 77' lang='lat' dir='ltr'>salviano</span> <span class='ocrx_word' id='word_1_137' title='bbox 534 1716 568 1770; x_wconf 88' lang='lat' dir='ltr'>de</span> <span class='ocrx_word' id='word_1_138' title='bbox 577 1715 617 1788; x_wconf 92' lang='lat' dir='ltr'>pi·</span> <span class='ocrx_word' id='word_1_139' title='bbox 661 1721 728 1774; x_wconf 70' lang='lat' dir='ltr'>Hist.</span> <span class='ocrx_word' id='word_1_140' title='bbox 743 1722 831 1774; x_wconf 79' lang='lat' dir='ltr'>Anim.</span> <span class='ocrx_word' id='word_1_141' title='bbox 842 1721 888 1776; x_wconf 88' lang='lat' dir='ltr'>lib.</span> <span class='ocrx_word' id='word_1_142' title='bbox 904 1722 985 1782; x_wconf 87' lang='lat' dir='ltr'>XIV,</span> <span class='ocrx_word' id='word_1_143' title='bbox 1000 1739 1058 1790; x_wconf 79' lang='lat' dir='ltr'>cap.</span> <span class='ocrx_word' id='word_1_144' title='bbox 1074 1721 1172 1780; x_wconf 77' lang='lat' dir='ltr'>25,AE.</span> 
     </span>
     <span class='ocr_line' id='line_1_16' title="bbox 106 1789 1216 1872; baseline -0.004 -20"><span class='ocrx_word' id='word_1_145' title='bbox 106 1800 207 1862; x_wconf 73' lang='lat' dir='ltr'>icilius,</span> <span class='ocrx_word' id='word_1_146' title='bbox 222 1800 269 1852; x_wconf 89' lang='lat' dir='ltr'>lib.</span> <span class='ocrx_word' id='word_1_147' title='bbox 279 1802 315 1862; x_wconf 94' lang='lat' dir='ltr'>V,</span> <span class='ocrx_word' id='word_1_148' title='bbox 329 1818 392 1872; x_wconf 79' lang='lat' dir='ltr'>pag.</span> <span class='ocrx_word' id='word_1_149' title='bbox 410 1801 471 1866; x_wconf 79' lang='lat'><strong>569.</strong></span> <span class='ocrx_word' id='word_1_150' title='bbox 483 1797 617 1848; x_wconf 75' lang='lat' dir='ltr'>Iliun-</span> <span class='ocrx_word' id='word_1_151' title='bbox 661 1802 749 1854; x_wconf 76' lang='lat' dir='ltr'>lienus</span> <span class='ocrx_word' id='word_1_152' title='bbox 767 1800 847 1852; x_wconf 81' lang='lat' dir='ltr'>hebet</span> <span class='ocrx_word' id='word_1_153' title='bbox 866 1799 901 1852; x_wconf 89' lang='lat' dir='ltr'>de</span> <span class='ocrx_word' id='word_1_154' title='bbox 919 1799 996 1851; x_wconf 83' lang='lat' dir='ltr'>eiluri</span> <span class='ocrx_word' id='word_1_155' title='bbox 1012 1796 1171 1869; x_wconf 79' lang='lat' dir='ltr'>maguitudi-</span> <span class='ocrx_word' id='word_1_156' title='bbox 1208 1789 1216 1800; x_wconf 78' lang='grc'>’</span> 
     </span>
     <span class='ocr_line' id='line_1_17' title="bbox 105 1873 1168 1946; baseline 0 -18"><span class='ocrx_word' id='word_1_157' title='bbox 105 1881 196 1930; x_wconf 68' lang='grc' dir='ltr'>εἰὶιιηυ</span> <span class='ocrx_word' id='word_1_158' title='bbox 226 1883 251 1930; x_wconf 77' lang='lat' dir='ltr'>in</span> <span class='ocrx_word' id='word_1_159' title='bbox 276 1883 345 1931; x_wconf 83' lang='lat' dir='ltr'>lt&#39;ilo.</span> <span class='ocrx_word' id='word_1_160' title='bbox 368 1878 469 1930; x_wconf 82' lang='lat' dir='ltr'>Silurus</span> <span class='ocrx_word' id='word_1_161' title='bbox 497 1875 573 1928; x_wconf 85' lang='lat' dir='ltr'>Plinii</span> <span class='ocrx_word' id='word_1_162' title='bbox 601 1895 617 1929; x_wconf 80' lang='lat' dir='ltr'><strong>a</strong></span> <span class='ocrx_word' id='word_1_163' title='bbox 661 1881 755 1942; x_wconf 86' lang='lat' dir='ltr'>ne,de</span> <span class='ocrx_word' id='word_1_164' title='bbox 768 1880 920 1941; x_wconf 79' lang='lat' dir='ltr'>voracitate,</span> <span class='ocrx_word' id='word_1_165' title='bbox 930 1877 1027 1930; x_wconf 83' lang='lat' dir='ltr'>denrte</span> <span class='ocrx_word' id='word_1_166' title='bbox 1037 1873 1168 1946; x_wconf 79' lang='lat' dir='ltr'>cupiendi.</span> 
     </span>
     <span class='ocr_line' id='line_1_18' title="bbox 106 1953 1171 2033; baseline -0.005 -22"><span class='ocrx_word' id='word_1_167' title='bbox 106 1957 224 2033; x_wconf 77' lang='lat' dir='ltr'>Gesnero</span> <span class='ocrx_word' id='word_1_168' title='bbox 237 1959 387 2012; x_wconf 84' lang='lat' dir='ltr'>luculenter</span> <span class='ocrx_word' id='word_1_169' title='bbox 401 1957 547 2027; x_wconf 73' lang='lat' dir='ltr'>descriptus</span> <span class='ocrx_word' id='word_1_170' title='bbox 560 1967 616 2022; x_wconf 81' lang='lat' dir='ltr'>est,</span> <span class='ocrx_word' id='word_1_171' title='bbox 661 1962 722 2016; x_wconf 89' lang='lat' dir='ltr'>Nou</span> <span class='ocrx_word' id='word_1_172' title='bbox 735 1971 826 2015; x_wconf 77' lang='lat' dir='ltr'>exacte</span> <span class='ocrx_word' id='word_1_173' title='bbox 846 1977 905 2030; x_wconf 77' lang='lat' dir='ltr'>que</span> <span class='ocrx_word' id='word_1_174' title='bbox 925 1957 958 2010; x_wconf 89' lang='lat' dir='ltr'>de</span> <span class='ocrx_word' id='word_1_175' title='bbox 982 1956 1088 2010; x_wconf 76' lang='lat' dir='ltr'>femine</span> <span class='ocrx_word' id='word_1_176' title='bbox 1113 1953 1171 2006; x_wconf 79' lang='lat' dir='ltr'>ovis</span> 
     </span>
     <span class='ocr_line' id='line_1_19' title="bbox 106 2034 1171 2110; baseline -0.007 -19"><span class='ocrx_word' id='word_1_177' title='bbox 106 2040 228 2093; x_wconf 78' lang='lat' dir='ltr'>malefica</span> <span class='ocrx_word' id='word_1_178' title='bbox 251 2053 279 2094; x_wconf 89' lang='lat' dir='ltr'>et</span> <span class='ocrx_word' id='word_1_179' title='bbox 299 2059 381 2092; x_wconf 77' lang='lat' dir='ltr'>torar</span> <span class='ocrx_word' id='word_1_180' title='bbox 405 2039 497 2092; x_wconf 84' lang='lat' dir='ltr'>bestia.</span> <span class='ocrx_word' id='word_1_181' title='bbox 516 2037 616 2094; x_wconf 78' lang='lat' dir='ltr'>Silurut</span> <span class='ocrx_word' id='word_1_182' title='bbox 661 2039 799 2102; x_wconf 65' lang='lat' dir='ltr'>pervalidis</span> <span class='ocrx_word' id='word_1_183' title='bbox 809 2049 963 2110; x_wconf 71' lang='lat' dir='ltr'>sequuntur·</span> <span class='ocrx_word' id='word_1_184' title='bbox 972 2035 1023 2090; x_wconf 87' lang='lat' dir='ltr'>Sed</span> <span class='ocrx_word' id='word_1_185' title='bbox 1036 2052 1119 2106; x_wconf 85' lang='lat' dir='ltr'>qutun</span> <span class='ocrx_word' id='word_1_186' title='bbox 1132 2034 1171 2086; x_wconf 84' lang='lat' dir='ltr'>fo·</span> 
     </span>
     <span class='ocr_line' id='line_1_20' title="bbox 105 2115 1171 2178; baseline -0.005 -9"><span class='ocrx_word' id='word_1_187' title='bbox 105 2119 215 2172; x_wconf 74' lang='lat' dir='ltr'>Ausonii</span> <span class='ocrx_word' id='word_1_188' title='bbox 230 2119 265 2173; x_wconf 83' lang='lat' dir='ltr'>eb</span> <span class='ocrx_word' id='word_1_189' title='bbox 277 2137 309 2170; x_wconf 89' lang='lat' dir='ltr'>eo</span> <span class='ocrx_word' id='word_1_190' title='bbox 323 2118 457 2178; x_wconf 74' lang='lat' dir='ltr'>diversus,</span> <span class='ocrx_word' id='word_1_191' title='bbox 475 2117 559 2170; x_wconf 82' lang='lat' dir='ltr'>sturio</span> <span class='ocrx_word' id='word_1_192' title='bbox 567 2133 616 2166; x_wconf 92' lang='lat' dir='ltr'>no·</span> <span class='ocrx_word' id='word_1_193' title='bbox 661 2119 764 2172; x_wconf 76' lang='lat' dir='ltr'>rumina</span> <span class='ocrx_word' id='word_1_194' title='bbox 776 2136 833 2170; x_wconf 76' lang='lat' dir='ltr'>moi</span> <span class='ocrx_word' id='word_1_195' title='bbox 845 2129 871 2170; x_wconf 89' lang='lat' dir='ltr'>et</span> <span class='ocrx_word' id='word_1_196' title='bbox 884 2117 979 2168; x_wconf 79' lang='lat' dir='ltr'>lemine</span> <span class='ocrx_word' id='word_1_197' title='bbox 991 2115 1119 2172; x_wconf 80' lang='lat' dir='ltr'>habitent,</span> <span class='ocrx_word' id='word_1_198' title='bbox 1130 2129 1171 2164; x_wconf 83' lang='lat' dir='ltr'>ta·</span> 
     </span>
     <span class='ocr_line' id='line_1_21' title="bbox 106 2191 1171 2266; baseline -0.006 -16"><span class='ocrx_word' id='word_1_199' title='bbox 106 2209 165 2250; x_wconf 79' lang='lat' dir='ltr'>iter.</span> <span class='ocrx_word' id='word_1_200' title='bbox 185 2200 319 2252; x_wconf 81' lang='lat' dir='ltr'>Probatur</span> <span class='ocrx_word' id='word_1_201' title='bbox 337 2197 364 2250; x_wconf 91' lang='lat' dir='ltr'>id</span> <span class='ocrx_word' id='word_1_202' title='bbox 386 2198 506 2251; x_wconf 78' lang='lat' dir='ltr'>versibus</span> <span class='ocrx_word' id='word_1_203' title='bbox 531 2207 616 2266; x_wconf 81' lang='lat' dir='ltr'>poetae</span> <span class='ocrx_word' id='word_1_204' title='bbox 661 2199 694 2252; x_wconf 78' lang='lat' dir='ltr'>tie</span> <span class='ocrx_word' id='word_1_205' title='bbox 708 2199 756 2250; x_wconf 87' lang='lat' dir='ltr'>fuit</span> <span class='ocrx_word' id='word_1_206' title='bbox 773 2197 851 2249; x_wconf 79' lang='lat' dir='ltr'>alicui</span> <span class='ocrx_word' id='word_1_207' title='bbox 869 2196 929 2247; x_wconf 83' lang='lat' dir='ltr'>illos</span> <span class='ocrx_word' id='word_1_208' title='bbox 941 2194 1031 2248; x_wconf 86' lang='lat' dir='ltr'>videre</span> <span class='ocrx_word' id='word_1_209' title='bbox 1044 2192 1100 2244; x_wconf 78' lang='lat' dir='ltr'>oric</span> <span class='ocrx_word' id='word_1_210' title='bbox 1117 2191 1171 2244; x_wconf 78' lang='lat' dir='ltr'>onie</span> 
     </span>
     <span class='ocr_line' id='line_1_22' title="bbox 104 2271 1173 2350; baseline -0.007 -22"><span class='ocrx_word' id='word_1_211' title='bbox 104 2279 229 2330; x_wconf 70' lang='lat' dir='ltr'>coaetanei</span> <span class='ocrx_word' id='word_1_212' title='bbox 238 2279 358 2331; x_wconf 78' lang='lat' dir='ltr'>Ausonio</span> <span class='ocrx_word' id='word_1_213' title='bbox 368 2277 402 2330; x_wconf 87' lang='lat' dir='ltr'>de</span> <span class='ocrx_word' id='word_1_214' title='bbox 411 2276 524 2347; x_wconf 80' lang='lat' dir='ltr'>AEgirtio</span> <span class='ocrx_word' id='word_1_215' title='bbox 534 2274 617 2326; x_wconf 87' lang='lat' dir='ltr'>fluvio</span> <span class='ocrx_word' id='word_1_216' title='bbox 661 2277 813 2350; x_wconf 74' lang='lat' dir='ltr'>proximos,</span> <span class='ocrx_word' id='word_1_217' title='bbox 832 2288 861 2328; x_wconf 90' lang='lat' dir='ltr'>ut</span> <span class='ocrx_word' id='word_1_218' title='bbox 872 2275 967 2328; x_wconf 77' lang='lat' dir='ltr'>labella</span> <span class='ocrx_word' id='word_1_219' title='bbox 980 2271 1173 2344; x_wconf 78' lang='lat' dir='ltr'>excogitaretur</span> 
     </span>
     <span class='ocr_line' id='line_1_23' title="bbox 105 2350 1172 2427; baseline -0.003 -20"><span class='ocrx_word' id='word_1_220' title='bbox 105 2357 253 2427; x_wconf 65' lang='lat' dir='ltr'>Aquitania</span> <span class='ocrx_word' id='word_1_221' title='bbox 267 2357 420 2410; x_wconf 77' lang='lat' dir='ltr'>scribentis:</span> <span class='ocrx_word' id='word_1_222' title='bbox 431 2381 442 2402; x_wconf 81' lang='grc' dir='ltr'>ι</span> <span class='ocrx_word' id='word_1_223' title='bbox 453 2355 561 2407; x_wconf 90' lang='lat' dir='ltr'>Obtinet</span> <span class='ocrx_word' id='word_1_224' title='bbox 572 2371 618 2406; x_wconf 85' lang='lat' dir='ltr'>ex·</span> <span class='ocrx_word' id='word_1_225' title='bbox 661 2375 741 2410; x_wconf 81' lang='lat' dir='ltr'>nove.</span> <span class='ocrx_word' id='word_1_226' title='bbox 756 2357 842 2410; x_wconf 83' lang='lat' dir='ltr'>Strnb.</span> <span class='ocrx_word' id='word_1_227' title='bbox 855 2357 901 2408; x_wconf 89' lang='lat' dir='ltr'>lib.</span> <span class='ocrx_word' id='word_1_228' title='bbox 913 2355 1023 2417; x_wconf 85' lang='lat' dir='ltr'>XVIII,</span> <span class='ocrx_word' id='word_1_229' title='bbox 1036 2373 1061 2424; x_wconf 88' lang='lat' dir='ltr'>p.</span> <span class='ocrx_word' id='word_1_230' title='bbox 1070 2371 1105 2404; x_wconf 89' lang='lat' dir='ltr'>m.</span> <span class='ocrx_word' id='word_1_231' title='bbox 1121 2350 1172 2404; x_wconf 77' lang='lat'>823</span> 
     </span>
     <span class='ocr_line' id='line_1_24' title="bbox 105 2430 1173 2507; baseline -0.007 -19"><span class='ocrx_word' id='word_1_232' title='bbox 105 2436 197 2506; x_wconf 70' lang='lat' dir='ltr'>pulsus</span> <span class='ocrx_word' id='word_1_233' title='bbox 209 2439 343 2492; x_wconf 72' lang='lat' dir='ltr'>stabulum</span> <span class='ocrx_word' id='word_1_234' title='bbox 350 2448 500 2507; x_wconf 77' lang='lat' dir='ltr'>campestre</span> <span class='ocrx_word' id='word_1_235' title='bbox 511 2434 618 2498; x_wconf 83' lang='lat' dir='ltr'>silurus,</span> <span class='ocrx_word' id='word_1_236' title='bbox 662 2437 690 2488; x_wconf 90' lang='lat' dir='ltr'>B.</span> <span class='ocrx_word' id='word_1_237' title='bbox 700 2436 734 2490; x_wconf 91' lang='lat' dir='ltr'>de</span> <span class='ocrx_word' id='word_1_238' title='bbox 744 2438 843 2507; x_wconf 76' lang='grc' dir='ltr'>σιλοὺρῳ</span> <span class='ocrx_word' id='word_1_239' title='bbox 857 2434 975 2506; x_wconf 86' lang='lat' dir='ltr'>quuitur</span> <span class='ocrx_word' id='word_1_240' title='bbox 984 2431 1061 2505; x_wconf 78' lang='lat' dir='ltr'>quasi</span> <span class='ocrx_word' id='word_1_241' title='bbox 1079 2430 1113 2482; x_wconf 90' lang='lat' dir='ltr'>de</span> <span class='ocrx_word' id='word_1_242' title='bbox 1126 2431 1173 2482; x_wconf 89' lang='lat' dir='ltr'>Ni-</span> 
     </span>
     <span class='ocr_line' id='line_1_25' title="bbox 104 2510 1172 2588; baseline -0.004 -23"><span class='ocrx_word' id='word_1_243' title='bbox 104 2514 169 2568; x_wconf 80' lang='lat' dir='ltr'>Plue</span> <span class='ocrx_word' id='word_1_244' title='bbox 181 2517 283 2586; x_wconf 86' lang='lat' dir='ltr'>rapitur</span> <span class='ocrx_word' id='word_1_245' title='bbox 293 2515 383 2577; x_wconf 79' lang='lat' dir='ltr'>terrie,</span> <span class='ocrx_word' id='word_1_246' title='bbox 398 2533 479 2586; x_wconf 79' lang='lat' dir='ltr'>quum</span> <span class='ocrx_word' id='word_1_247' title='bbox 489 2511 570 2565; x_wconf 92' lang='lat' dir='ltr'>modo</span> <span class='ocrx_word' id='word_1_248' title='bbox 577 2512 618 2583; x_wconf 90' lang='lat' dir='ltr'>pi·</span> <span class='ocrx_word' id='word_1_249' title='bbox 663 2515 744 2569; x_wconf 92' lang='lat' dir='ltr'>lotico</span> <span class='ocrx_word' id='word_1_250' title='bbox 754 2515 835 2588; x_wconf 85' lang='lat' dir='ltr'>pisce.</span> <span class='ocrx_word' id='word_1_251' title='bbox 846 2515 946 2568; x_wconf 77' lang='lat' dir='ltr'>Plinius</span> <span class='ocrx_word' id='word_1_252' title='bbox 957 2531 1064 2584; x_wconf 77' lang='lat' dir='ltr'>quoque</span> <span class='ocrx_word' id='word_1_253' title='bbox 1077 2511 1125 2564; x_wconf 89' lang='lat' dir='ltr'>lib.</span> <span class='ocrx_word' id='word_1_254' title='bbox 1134 2510 1172 2574; x_wconf 89' lang='lat' dir='ltr'>V,</span> 
     </span>
     <span class='ocr_line' id='line_1_26' title="bbox 106 2591 1256 2667; baseline -0.006 -20"><span class='ocrx_word' id='word_1_255' title='bbox 106 2593 422 2667; x_wconf 69' lang='lat' dir='ltr'>mitequie.»Sealig.in</span> <span class='ocrx_word' id='word_1_256' title='bbox 436 2591 618 2646; x_wconf 74' lang='lat' dir='ltr'>Autonsilu-</span> <span class='ocrx_word' id='word_1_257' title='bbox 662 2613 718 2666; x_wconf 81' lang='lat' dir='ltr'>cap.</span> <span class='ocrx_word' id='word_1_258' title='bbox 735 2615 763 2662; x_wconf 85' lang='lat'>9,</span> <span class='ocrx_word' id='word_1_259' title='bbox 777 2593 1019 2667; x_wconf 78' lang='lat' dir='ltr'>interpisoeohunc</span> <span class='ocrx_word' id='word_1_260' title='bbox 1030 2591 1174 2650; x_wconf 80' lang='lat' dir='ltr'>nominate</span> <span class='ocrx_word' id='word_1_261' title='bbox 1253 2601 1256 2608; x_wconf 91' lang='grc'><em>“</em></span> 
     </span>
     <span class='ocr_line' id='line_1_27' title="bbox 106 2667 1175 2746; baseline -0.003 -24"><span class='ocrx_word' id='word_1_262' title='bbox 106 2690 153 2724; x_wconf 76' lang='lat' dir='ltr'>rus</span> <span class='ocrx_word' id='word_1_263' title='bbox 166 2673 396 2743; x_wconf 44' lang='lat' dir='ltr'>unguielaeta</span> <span class='ocrx_word' id='word_1_264' title='bbox 404 2693 413 2734; x_wconf 70' lang='grc' dir='ltr'>ς</span> <span class='ocrx_word' id='word_1_265' title='bbox 421 2672 544 2746; x_wconf 79' lang='lat' dir='ltr'>Illyricis,</span> <span class='ocrx_word' id='word_1_266' title='bbox 550 2690 618 2722; x_wconf 78' lang='lat' dir='ltr'>sum:</span> <span class='ocrx_word' id='word_1_267' title='bbox 662 2675 723 2728; x_wconf 78' lang='lat' dir='ltr'>lacu</span> <span class='ocrx_word' id='word_1_268' title='bbox 732 2673 915 2738; x_wconf 78' lang='lat' dir='ltr'>misws,unde</span> <span class='ocrx_word' id='word_1_269' title='bbox 923 2673 1001 2730; x_wconf 72' lang='lat' dir='ltr'>Nilus</span> <span class='ocrx_word' id='word_1_270' title='bbox 1013 2669 1095 2724; x_wconf 85' lang='lat' dir='ltr'>fluere</span> <span class='ocrx_word' id='word_1_271' title='bbox 1105 2667 1175 2720; x_wconf 88' lang='lat' dir='ltr'>dice·</span> 
     </span>
     <span class='ocr_line' id='line_1_28' title="bbox 106 2745 1174 2818; baseline -0.003 -14"><span class='ocrx_word' id='word_1_272' title='bbox 106 2751 298 2815; x_wconf 80' lang='lat' dir='ltr'>Bernemibus,</span> <span class='ocrx_word' id='word_1_273' title='bbox 312 2756 396 2812; x_wconf 67' lang='lat' dir='ltr'>salet,-</span> <span class='ocrx_word' id='word_1_274' title='bbox 407 2752 511 2811; x_wconf 76' lang='lat' dir='ltr'>Suevio,</span> <span class='ocrx_word' id='word_1_275' title='bbox 523 2754 616 2812; x_wconf 77' lang='lat' dir='ltr'>wallor,</span> <span class='ocrx_word' id='word_1_276' title='bbox 662 2754 749 2810; x_wconf 70' lang='lat' dir='ltr'>batur.</span> <span class='ocrx_word' id='word_1_277' title='bbox 758 2753 895 2816; x_wconf 78' lang='lat' dir='ltr'>AElianuo,</span> <span class='ocrx_word' id='word_1_278' title='bbox 907 2753 1030 2817; x_wconf 72' lang='lat' dir='ltr'>x11,29‚</span> <span class='ocrx_word' id='word_1_279' title='bbox 1044 2745 1174 2818; x_wconf 74' lang='lat' dir='ltr'>quosdam</span> 
     </span>
     <span class='ocr_line' id='line_1_29' title="bbox 108 2825 1175 2902; baseline -0.007 -19"><span class='ocrx_word' id='word_1_280' title='bbox 108 2832 185 2902; x_wconf 77' lang='lat' dir='ltr'>quari</span> <span class='ocrx_word' id='word_1_281' title='bbox 196 2832 315 2885; x_wconf 74' lang='lat' dir='ltr'>belona:</span> <span class='ocrx_word' id='word_1_282' title='bbox 330 2831 446 2888; x_wconf 81' lang='lat' dir='ltr'>Danubii</span> <span class='ocrx_word' id='word_1_283' title='bbox 457 2829 564 2892; x_wconf 78' lang='lat' dir='ltr'>accolit,</span> <span class='ocrx_word' id='word_1_284' title='bbox 578 2833 617 2882; x_wconf 78' lang='lat' dir='ltr'>ein</span> <span class='ocrx_word' id='word_1_285' title='bbox 662 2833 765 2886; x_wconf 71' lang='lat' dir='ltr'>cicures</span> <span class='ocrx_word' id='word_1_286' title='bbox 787 2831 825 2885; x_wconf 79' lang='lat' dir='ltr'>eit</span> <span class='ocrx_word' id='word_1_287' title='bbox 847 2832 875 2884; x_wconf 91' lang='lat' dir='ltr'>in</span> <span class='ocrx_word' id='word_1_288' title='bbox 900 2842 992 2900; x_wconf 69' lang='lat' dir='ltr'>stagno</span> <span class='ocrx_word' id='word_1_289' title='bbox 1016 2845 1101 2898; x_wconf 84' lang='lat' dir='ltr'>prope</span> <span class='ocrx_word' id='word_1_290' title='bbox 1125 2825 1175 2886; x_wconf 78' lang='lat' dir='ltr'>Bu-</span> 
     </span>
     <span class='ocr_line' id='line_1_30' title="bbox 107 2905 1175 2983; baseline -0.002 -23"><span class='ocrx_word' id='word_1_291' title='bbox 107 2914 205 2964; x_wconf 77' lang='lat' dir='ltr'>Schaid.</span> <span class='ocrx_word' id='word_1_292' title='bbox 216 2913 318 2964; x_wconf 63' lang='lat' dir='ltr'>Dauno.</span> <span class='ocrx_word' id='word_1_293' title='bbox 332 2941 369 2953; x_wconf 80' lang='lat'>-·</span> <span class='ocrx_word' id='word_1_294' title='bbox 384 2915 459 2962; x_wconf 81' lang='lat' dir='ltr'>Haud</span> <span class='ocrx_word' id='word_1_295' title='bbox 475 2913 619 2962; x_wconf 63' lang='lat' dir='ltr'>minoren...</span> <span class='ocrx_word' id='word_1_296' title='bbox 662 2912 766 2975; x_wconf 74' lang='lat' dir='ltr'>baetin,</span> <span class='ocrx_word' id='word_1_297' title='bbox 785 2909 916 2983; x_wconf 78' lang='lat' dir='ltr'>quoidam</span> <span class='ocrx_word' id='word_1_298' title='bbox 930 2927 995 2968; x_wconf 70' lang='lat' dir='ltr'>vero,</span> <span class='ocrx_word' id='word_1_299' title='bbox 1008 2905 1135 2978; x_wconf 78' lang='lat' dir='ltr'>purvulos</span> <span class='ocrx_word' id='word_1_300' title='bbox 1146 2905 1175 2958; x_wconf 89' lang='lat' dir='ltr'>iu</span> 
     </span>
     <span class='ocr_line' id='line_1_31' title="bbox 107 2984 1176 3064; baseline -0.005 -24"><span class='ocrx_word' id='word_1_301' title='bbox 107 2993 196 3042; x_wconf 78' lang='lat' dir='ltr'>silurus</span> <span class='ocrx_word' id='word_1_302' title='bbox 209 2993 234 3042; x_wconf 82' lang='lat' dir='ltr'>In</span> <span class='ocrx_word' id='word_1_303' title='bbox 245 2995 312 3043; x_wconf 83' lang='lat' dir='ltr'>Nilo.</span> <span class='ocrx_word' id='word_1_304' title='bbox 326 2995 366 3045; x_wconf 88' lang='lat' dir='ltr'>De</span> <span class='ocrx_word' id='word_1_305' title='bbox 379 2991 462 3043; x_wconf 75' lang='lat' dir='ltr'>siluro</span> <span class='ocrx_word' id='word_1_306' title='bbox 471 3031 478 3054; x_wconf 93' lang='lat'>,</span> <span class='ocrx_word' id='word_1_307' title='bbox 488 2989 535 3062; x_wconf 90' lang='lat' dir='ltr'>qui</span> <span class='ocrx_word' id='word_1_308' title='bbox 547 2985 619 3040; x_wconf 89' lang='lat' dir='ltr'>idem</span> <span class='ocrx_word' id='word_1_309' title='bbox 663 2989 760 3064; x_wconf 87' lang='lat' dir='ltr'>Cydno</span> <span class='ocrx_word' id='word_1_310' title='bbox 766 2990 868 3052; x_wconf 88' lang='lat' dir='ltr'>Cilicio,</span> <span class='ocrx_word' id='word_1_311' title='bbox 877 2989 936 3042; x_wconf 81' lang='lat' dir='ltr'>lecu</span> <span class='ocrx_word' id='word_1_312' title='bbox 948 2985 1053 3059; x_wconf 71' lang='lat' dir='ltr'>Aparni,</span> <span class='ocrx_word' id='word_1_313' title='bbox 1063 2984 1176 3049; x_wconf 83' lang='lat' dir='ltr'>Oronte,</span> 
     </span>
     <span class='ocr_line' id='line_1_32' title="bbox 109 3063 1176 3143; baseline -0.006 -23"><span class='ocrx_word' id='word_1_314' title='bbox 109 3087 169 3121; x_wconf 88' lang='lat' dir='ltr'>cum</span> <span class='ocrx_word' id='word_1_315' title='bbox 180 3070 310 3143; x_wconf 79' lang='lat' dir='ltr'>Stagiritae</span> <span class='ocrx_word' id='word_1_316' title='bbox 321 3072 412 3137; x_wconf 73' lang='lat' dir='ltr'>glani,</span> <span class='ocrx_word' id='word_1_317' title='bbox 423 3068 513 3122; x_wconf 76' lang='lat' dir='ltr'>eadem</span> <span class='ocrx_word' id='word_1_318' title='bbox 523 3069 620 3128; x_wconf 66' lang='lat' dir='ltr'>Nostro</span> <span class='ocrx_word' id='word_1_319' title='bbox 663 3083 713 3124; x_wconf 85' lang='lat' dir='ltr'>etc.</span> <span class='ocrx_word' id='word_1_320' title='bbox 726 3069 806 3135; x_wconf 88' lang='lat' dir='ltr'>Quod</span> <span class='ocrx_word' id='word_1_321' title='bbox 819 3071 855 3122; x_wconf 91' lang='lat' dir='ltr'>ob</span> <span class='ocrx_word' id='word_1_322' title='bbox 866 3069 936 3122; x_wconf 76' lang='lat' dir='ltr'>hano</span> <span class='ocrx_word' id='word_1_323' title='bbox 949 3084 1054 3119; x_wconf 78' lang='lat' dir='ltr'>caueam</span> <span class='ocrx_word' id='word_1_324' title='bbox 1063 3063 1176 3127; x_wconf 90' lang='lat' dir='ltr'>dictum,</span> 
     </span>
     <span class='ocr_line' id='line_1_33' title="bbox 110 3141 1175 3222; baseline -0.009 -18"><span class='ocrx_word' id='word_1_325' title='bbox 110 3147 165 3216; x_wconf 73' lang='lat' dir='ltr'>(lib.</span> <span class='ocrx_word' id='word_1_326' title='bbox 176 3149 227 3214; x_wconf 86' lang='lat' dir='ltr'>IX,</span> <span class='ocrx_word' id='word_1_327' title='bbox 238 3167 298 3220; x_wconf 80' lang='lat' dir='ltr'>cap.</span> <span class='ocrx_word' id='word_1_328' title='bbox 315 3149 347 3200; x_wconf 88' lang='lat'>16</span> <span class='ocrx_word' id='word_1_329' title='bbox 358 3186 366 3211; x_wconf 90' lang='lat'>,</span> <span class='ocrx_word' id='word_1_330' title='bbox 382 3147 413 3201; x_wconf 83' lang='lat'>51</span> <span class='ocrx_word' id='word_1_331' title='bbox 428 3153 438 3216; x_wconf 94' lang='lat'>)</span> <span class='ocrx_word' id='word_1_332' title='bbox 451 3147 573 3200; x_wconf 80' lang='lat' dir='ltr'>tradente</span> <span class='ocrx_word' id='word_1_333' title='bbox 586 3145 620 3198; x_wconf 80' lang='lat' dir='ltr'>de</span> <span class='ocrx_word' id='word_1_334' title='bbox 664 3149 738 3222; x_wconf 88' lang='lat' dir='ltr'>quod</span> <span class='ocrx_word' id='word_1_335' title='bbox 756 3168 810 3205; x_wconf 85' lang='lat' dir='ltr'>unu</span> <span class='ocrx_word' id='word_1_336' title='bbox 823 3149 908 3220; x_wconf 87' lang='lat' dir='ltr'>ipsum</span> <span class='ocrx_word' id='word_1_337' title='bbox 918 3145 1025 3219; x_wconf 79' lang='lat' dir='ltr'>quldein</span> <span class='ocrx_word' id='word_1_338' title='bbox 1036 3148 1116 3208; x_wconf 81' lang='lat' dir='ltr'>wells,</span> <span class='ocrx_word' id='word_1_339' title='bbox 1129 3141 1175 3196; x_wconf 74' lang='lat' dir='ltr'>ted</span> 
     </span>
     <span class='ocr_line' id='line_1_34' title="bbox 111 3221 1177 3302; baseline -0.006 -24"><span class='ocrx_word' id='word_1_340' title='bbox 111 3228 190 3282; x_wconf 79' lang='lat' dir='ltr'>siluro</span> <span class='ocrx_word' id='word_1_341' title='bbox 208 3249 266 3302; x_wconf 84' lang='lat' dir='ltr'>qnae</span> <span class='ocrx_word' id='word_1_342' title='bbox 286 3229 320 3282; x_wconf 90' lang='lat' dir='ltr'>de</span> <span class='ocrx_word' id='word_1_343' title='bbox 341 3229 409 3300; x_wconf 75' lang='lat' dir='ltr'>gleni</span> <span class='ocrx_word' id='word_1_344' title='bbox 429 3228 619 3300; x_wconf 75' lang='lat' dir='ltr'>philosophus,</span> <span class='ocrx_word' id='word_1_345' title='bbox 664 3229 809 3285; x_wconf 75' lang='lat' dir='ltr'>simillimos</span> <span class='ocrx_word' id='word_1_346' title='bbox 823 3229 922 3300; x_wconf 70' lang='lat' dir='ltr'>piacet,</span> <span class='ocrx_word' id='word_1_347' title='bbox 938 3221 1123 3294; x_wconf 79' lang='lat' dir='ltr'>siveejuedem</span> <span class='ocrx_word' id='word_1_348' title='bbox 1136 3239 1177 3290; x_wconf 76' lang='lat' dir='ltr'>ge</span> 
     </span>
     <span class='ocr_line' id='line_1_35' title="bbox 111 3301 1177 3382; baseline -0.008 -22"><span class='ocrx_word' id='word_1_349' title='bbox 111 3309 156 3362; x_wconf 89' lang='lat' dir='ltr'>lib.</span> <span class='ocrx_word' id='word_1_350' title='bbox 166 3311 244 3374; x_wconf 87' lang='lat' dir='ltr'>VIII,</span> <span class='ocrx_word' id='word_1_351' title='bbox 257 3329 314 3382; x_wconf 81' lang='lat' dir='ltr'>cap.</span> <span class='ocrx_word' id='word_1_352' title='bbox 326 3329 371 3372; x_wconf 67' lang='grc' dir='ltr'>ιο,</span> <span class='ocrx_word' id='word_1_353' title='bbox 389 3321 414 3360; x_wconf 87' lang='lat' dir='ltr'>et</span> <span class='ocrx_word' id='word_1_354' title='bbox 423 3309 469 3360; x_wconf 94' lang='lat' dir='ltr'>lib.</span> <span class='ocrx_word' id='word_1_355' title='bbox 481 3308 530 3368; x_wconf 83' lang='lat' dir='ltr'>lx,</span> <span class='ocrx_word' id='word_1_356' title='bbox 541 3325 564 3358; x_wconf 90' lang='lat' dir='ltr'>c.</span> <span class='ocrx_word' id='word_1_357' title='bbox 577 3306 620 3375; x_wconf 85' lang='lat'>37,</span> <span class='ocrx_word' id='word_1_358' title='bbox 664 3308 747 3368; x_wconf 82' lang='lat' dir='ltr'>neris,</span> <span class='ocrx_word' id='word_1_359' title='bbox 761 3307 815 3360; x_wconf 81' lang='lat' dir='ltr'>eive</span> <span class='ocrx_word' id='word_1_360' title='bbox 823 3305 941 3378; x_wconf 83' lang='lat' dir='ltr'>ejusdem</span> <span class='ocrx_word' id='word_1_361' title='bbox 953 3303 1065 3374; x_wconf 74' lang='lat' dir='ltr'>speciei,</span> <span class='ocrx_word' id='word_1_362' title='bbox 1078 3301 1177 3354; x_wconf 79' lang='lat' dir='ltr'>habent</span> 
     </span>
     <span class='ocr_line' id='line_1_36' title="bbox 112 3381 1177 3461; baseline -0.008 -23"><span class='ocrx_word' id='word_1_363' title='bbox 112 3407 205 3461; x_wconf 88' lang='lat' dir='ltr'>nempe</span> <span class='ocrx_word' id='word_1_364' title='bbox 213 3390 278 3442; x_wconf 90' lang='lat' dir='ltr'>huic</span> <span class='ocrx_word' id='word_1_365' title='bbox 288 3407 359 3442; x_wconf 74' lang='lat' dir='ltr'>cure</span> <span class='ocrx_word' id='word_1_366' title='bbox 370 3407 426 3440; x_wconf 85' lang='lat' dir='ltr'>esse</span> <span class='ocrx_word' id='word_1_367' title='bbox 435 3389 540 3452; x_wconf 88' lang='lat' dir='ltr'>liberos,</span> <span class='ocrx_word' id='word_1_368' title='bbox 551 3385 621 3438; x_wconf 82' lang='lat' dir='ltr'>cani·</span> <span class='ocrx_word' id='word_1_369' title='bbox 665 3398 691 3439; x_wconf 84' lang='lat' dir='ltr'>et</span> <span class='ocrx_word' id='word_1_370' title='bbox 704 3387 780 3447; x_wconf 79' lang='lat' dir='ltr'>Nilne</span> <span class='ocrx_word' id='word_1_371' title='bbox 794 3397 818 3438; x_wconf 87' lang='lat' dir='ltr'>et</span> <span class='ocrx_word' id='word_1_372' title='bbox 829 3385 952 3438; x_wconf 74' lang='lat' dir='ltr'>Orontes.</span> <span class='ocrx_word' id='word_1_373' title='bbox 964 3381 1041 3436; x_wconf 80' lang='lat' dir='ltr'>Cous.</span> <span class='ocrx_word' id='word_1_374' title='bbox 1052 3396 1177 3450; x_wconf 78' lang='lat' dir='ltr'>maguum</span> 
     </span>
     <span class='ocr_line' id='line_1_37' title="bbox 113 3463 1179 3540; baseline -0.011 -20"><span class='ocrx_word' id='word_1_375' title='bbox 113 3469 199 3523; x_wconf 79' lang='lat' dir='ltr'>culam</span> <span class='ocrx_word' id='word_1_376' title='bbox 219 3482 245 3522; x_wconf 85' lang='lat' dir='ltr'>et</span> <span class='ocrx_word' id='word_1_377' title='bbox 270 3480 437 3540; x_wconf 77' lang='lat' dir='ltr'>tempestates</span> <span class='ocrx_word' id='word_1_378' title='bbox 464 3466 620 3538; x_wconf 75' lang='lat' dir='ltr'>displicere,</span> <span class='ocrx_word' id='word_1_379' title='bbox 665 3485 730 3537; x_wconf 86' lang='lat' dir='ltr'>opus</span> <span class='ocrx_word' id='word_1_380' title='bbox 748 3464 781 3518; x_wconf 87' lang='lat' dir='ltr'>de</span> <span class='ocrx_word' id='word_1_381' title='bbox 794 3467 917 3536; x_wconf 82' lang='lat' dir='ltr'>AEgypto.</span> <span class='ocrx_word' id='word_1_382' title='bbox 932 3463 1061 3514; x_wconf 72' lang='lat' dir='ltr'>Ceterum</span> <span class='ocrx_word' id='word_1_383' title='bbox 1080 3475 1179 3510; x_wconf 89' lang='lat' dir='ltr'>nomen</span> 
     </span>
     <span class='ocr_line' id='line_1_38' title="bbox 113 3537 1178 3622; baseline -0.009 -22"><span class='ocrx_word' id='word_1_384' title='bbox 113 3559 162 3602; x_wconf 84' lang='lat' dir='ltr'>eto.</span> <span class='ocrx_word' id='word_1_385' title='bbox 171 3549 264 3622; x_wconf 85' lang='lat' dir='ltr'>Neque</span> <span class='ocrx_word' id='word_1_386' title='bbox 276 3550 320 3602; x_wconf 85' lang='lat' dir='ltr'>illc</span> <span class='ocrx_word' id='word_1_387' title='bbox 335 3561 374 3602; x_wconf 76' lang='lat' dir='ltr'>eit</span> <span class='ocrx_word' id='word_1_388' title='bbox 391 3559 479 3600; x_wconf 85' lang='lat' dir='ltr'>noster</span> <span class='ocrx_word' id='word_1_389' title='bbox 491 3560 620 3613; x_wconf 79' lang='lat' dir='ltr'>estergeon</span> <span class='ocrx_word' id='word_1_390' title='bbox 665 3565 718 3598; x_wconf 87' lang='lat' dir='ltr'>non</span> <span class='ocrx_word' id='word_1_391' title='bbox 729 3545 826 3607; x_wconf 86' lang='lat' dir='ltr'>stricte,</span> <span class='ocrx_word' id='word_1_392' title='bbox 836 3557 865 3595; x_wconf 88' lang='lat' dir='ltr'>ut</span> <span class='ocrx_word' id='word_1_393' title='bbox 873 3561 956 3608; x_wconf 89' lang='lat' dir='ltr'>nunc,</span> <span class='ocrx_word' id='word_1_394' title='bbox 964 3540 1125 3593; x_wconf 76' lang='lat' dir='ltr'>sumebatur.</span> <span class='ocrx_word' id='word_1_395' title='bbox 1134 3537 1178 3590; x_wconf 78' lang='lat' dir='ltr'>sic</span> 
     </span>
     <span class='ocr_line' id='line_1_39' title="bbox 114 3615 1179 3698; baseline -0.012 -19"><span class='ocrx_word' id='word_1_396' title='bbox 114 3633 250 3698; x_wconf 71' lang='lat' dir='ltr'>(acipenser</span> <span class='ocrx_word' id='word_1_397' title='bbox 256 3633 332 3680; x_wconf 84' lang='lat' dir='ltr'>sturio</span> <span class='ocrx_word' id='word_1_398' title='bbox 343 3629 401 3692; x_wconf 91' lang='lat' dir='ltr'>L.),</span> <span class='ocrx_word' id='word_1_399' title='bbox 415 3625 461 3678; x_wconf 77' lang='lat' dir='ltr'>sed</span> <span class='ocrx_word' id='word_1_400' title='bbox 471 3628 558 3676; x_wconf 83' lang='lat' dir='ltr'>silurus</span> <span class='ocrx_word' id='word_1_401' title='bbox 565 3630 622 3692; x_wconf 81' lang='lat' dir='ltr'>gla-</span> <span class='ocrx_word' id='word_1_402' title='bbox 666 3625 762 3680; x_wconf 81' lang='lat' dir='ltr'>AElian.</span> <span class='ocrx_word' id='word_1_403' title='bbox 773 3623 819 3676; x_wconf 86' lang='lat' dir='ltr'>lib.</span> <span class='ocrx_word' id='word_1_404' title='bbox 830 3623 900 3684; x_wconf 85' lang='lat' dir='ltr'>XII,</span> <span class='ocrx_word' id='word_1_405' title='bbox 911 3641 970 3692; x_wconf 83' lang='lat' dir='ltr'>cap.</span> <span class='ocrx_word' id='word_1_406' title='bbox 988 3626 1032 3682; x_wconf 65' lang='grc' dir='ltr'>τά,</span> <span class='ocrx_word' id='word_1_407' title='bbox 1048 3618 1082 3670; x_wconf 90' lang='lat' dir='ltr'>de</span> <span class='ocrx_word' id='word_1_408' title='bbox 1092 3615 1179 3688; x_wconf 82' lang='lat' dir='ltr'>glani,</span> 
     </span>
     <span class='ocr_line' id='line_1_40' title="bbox 115 3694 1180 3772; baseline -0.013 -12"><span class='ocrx_word' id='word_1_409' title='bbox 115 3710 253 3762; x_wconf 80' lang='lat' dir='ltr'>nisL.wels</span> <span class='ocrx_word' id='word_1_410' title='bbox 264 3719 311 3762; x_wconf 84' lang='lat' dir='ltr'>ant</span> <span class='ocrx_word' id='word_1_411' title='bbox 317 3710 406 3760; x_wconf 75' lang='lat' dir='ltr'>scheid</span> <span class='ocrx_word' id='word_1_412' title='bbox 413 3707 620 3766; x_wconf 83' lang='lat' dir='ltr'>Germanorum,</span> <span class='ocrx_word' id='word_1_413' title='bbox 667 3705 694 3756; x_wconf 87' lang='lat' dir='ltr'>in</span> <span class='ocrx_word' id='word_1_414' title='bbox 705 3701 842 3756; x_wconf 76' lang='lat' dir='ltr'>Meandro</span> <span class='ocrx_word' id='word_1_415' title='bbox 853 3713 877 3754; x_wconf 88' lang='lat' dir='ltr'>et</span> <span class='ocrx_word' id='word_1_416' title='bbox 886 3701 959 3772; x_wconf 89' lang='lat' dir='ltr'>Lyco</span> <span class='ocrx_word' id='word_1_417' title='bbox 971 3716 1064 3770; x_wconf 81' lang='lat' dir='ltr'>agens,</span> <span class='ocrx_word' id='word_1_418' title='bbox 1075 3695 1118 3748; x_wconf 92' lang='lat' dir='ltr'>cui</span> <span class='ocrx_word' id='word_1_419' title='bbox 1133 3694 1180 3746; x_wconf 81' lang='lat' dir='ltr'>illu</span> 
     </span>
    </p>
   </div>
   <div class='ocr_carea' id='block_1_6' title="bbox 17 3771 1178 3852">
    <p class='ocr_par' dir='ltr' id='par_1_6' title="bbox 17 3771 1178 3852">
     <span class='ocr_line' id='line_1_41' title="bbox 17 3771 1178 3852; baseline -0.015 -13"><span class='ocrx_word' id='word_1_420' title='bbox 17 3787 18 3809; x_wconf 64' lang='lat'>¹</span> <span class='ocrx_word' id='word_1_421' title='bbox 115 3791 190 3840; x_wconf 78' lang='lat' dir='ltr'>saluth</span> <span class='ocrx_word' id='word_1_422' title='bbox 199 3783 624 3848; x_wconf 80' lang='lat' dir='ltr'>Helvetiorum,etc.Nam1⁰cru·</span> <span class='ocrx_word' id='word_1_423' title='bbox 667 3783 838 3852; x_wconf 82' lang='lat' dir='ltr'>tribuit,quae</span> <span class='ocrx_word' id='word_1_424' title='bbox 848 3779 883 3833; x_wconf 89' lang='lat' dir='ltr'>de</span> <span class='ocrx_word' id='word_1_425' title='bbox 893 3777 989 3831; x_wconf 77' lang='lat' dir='ltr'>sobolis</span> <span class='ocrx_word' id='word_1_426' title='bbox 1001 3793 1092 3829; x_wconf 85' lang='lat' dir='ltr'>amore</span> <span class='ocrx_word' id='word_1_427' title='bbox 1105 3771 1178 3824; x_wconf 87' lang='lat' dir='ltr'>dixe-</span> 
     </span>
    </p>
   </div>
   <div class='ocr_carea' id='block_1_7' title="bbox 116 3855 1182 4017">
    <p class='ocr_par' dir='ltr' id='par_1_7' title="bbox 116 3855 1182 4017">
     <span class='ocr_line' id='line_1_42' title="bbox 116 3855 1180 3938; baseline -0.016 -18"><span class='ocrx_word' id='word_1_428' title='bbox 116 3867 178 3921; x_wconf 73' lang='lat' dir='ltr'>delii</span> <span class='ocrx_word' id='word_1_429' title='bbox 187 3867 320 3938; x_wconf 77' lang='lat' dir='ltr'>estpiscis,</span> <span class='ocrx_word' id='word_1_430' title='bbox 328 3865 375 3936; x_wconf 91' lang='lat' dir='ltr'>qui</span> <span class='ocrx_word' id='word_1_431' title='bbox 386 3883 467 3935; x_wconf 74' lang='lat' dir='ltr'>equos</span> <span class='ocrx_word' id='word_1_432' title='bbox 477 3883 544 3934; x_wconf 79' lang='lat' dir='ltr'>saepe</span> <span class='ocrx_word' id='word_1_433' title='bbox 553 3881 625 3915; x_wconf 91' lang='lat' dir='ltr'>com·</span> <span class='ocrx_word' id='word_1_434' title='bbox 668 3874 708 3916; x_wconf 79' lang='lat' dir='ltr'>rat</span> <span class='ocrx_word' id='word_1_435' title='bbox 716 3861 875 3918; x_wconf 80' lang='lat' dir='ltr'>Aristoteles,</span> <span class='ocrx_word' id='word_1_436' title='bbox 885 3871 911 3911; x_wconf 87' lang='lat' dir='ltr'>et</span> <span class='ocrx_word' id='word_1_437' title='bbox 921 3858 1004 3910; x_wconf 71' lang='lat' dir='ltr'>siluro</span> <span class='ocrx_word' id='word_1_438' title='bbox 1011 3855 1123 3914; x_wconf 84' lang='lat' dir='ltr'>similem</span> <span class='ocrx_word' id='word_1_439' title='bbox 1133 3855 1180 3905; x_wconf 82' lang='lat' dir='ltr'>uit.</span> 
     </span>
     <span class='ocr_line' id='line_1_43' title="bbox 117 3935 1182 4017; baseline -0.015 -18"><span class='ocrx_word' id='word_1_440' title='bbox 117 3947 257 4017; x_wconf 77' lang='lat' dir='ltr'>prehensos</span> <span class='ocrx_word' id='word_1_441' title='bbox 272 3944 377 4015; x_wconf 81' lang='lat' dir='ltr'>mergit.</span> <span class='ocrx_word' id='word_1_442' title='bbox 389 3949 420 3995; x_wconf 78' lang='lat'>2⁰</span> <span class='ocrx_word' id='word_1_443' title='bbox 434 3944 533 3996; x_wconf 80' lang='lat' dir='ltr'>Hamus</span> <span class='ocrx_word' id='word_1_444' title='bbox 546 3945 580 3996; x_wconf 85' lang='lat' dir='ltr'>ub</span> <span class='ocrx_word' id='word_1_445' title='bbox 593 3961 625 3996; x_wconf 83' lang='lat' dir='ltr'>eo</span> <span class='ocrx_word' id='word_1_446' title='bbox 669 3944 815 4013; x_wconf 80' lang='lat' dir='ltr'>Compnrut</span> <span class='ocrx_word' id='word_1_447' title='bbox 827 3939 901 3991; x_wconf 88' lang='lat' dir='ltr'>hune</span> <span class='ocrx_word' id='word_1_448' title='bbox 916 3939 994 4006; x_wconf 83' lang='lat' dir='ltr'>igitur</span> <span class='ocrx_word' id='word_1_449' title='bbox 1004 3955 1063 3988; x_wconf 89' lang='lat' dir='ltr'>cum</span> <span class='ocrx_word' id='word_1_450' title='bbox 1072 3935 1182 4005; x_wconf 80' lang='lat' dir='ltr'>quibus·</span> 
     </span>
    </p>
   </div>
   <div class='ocr_carea' id='block_1_8' title="bbox 18 4015 1184 4094">
    <p class='ocr_par' dir='ltr' id='par_1_8' title="bbox 18 4015 1184 4094">
     <span class='ocr_line' id='line_1_44' title="bbox 18 4015 1184 4094; baseline -0.008 -15"><span class='ocrx_word' id='word_1_451' title='bbox 18 4047 19 4074; x_wconf 67' lang='lat'>1</span> <span class='ocrx_word' id='word_1_452' title='bbox 119 4025 308 4080; x_wconf 78' lang='lat' dir='ltr'>Iractmscribit</span> <span class='ocrx_word' id='word_1_453' title='bbox 320 4024 398 4076; x_wconf 78' lang='lat' dir='ltr'>Arist.</span> <span class='ocrx_word' id='word_1_454' title='bbox 410 4021 483 4094; x_wconf 89' lang='lat' dir='ltr'>quod</span> <span class='ocrx_word' id='word_1_455' title='bbox 493 4039 624 4093; x_wconf 78' lang='lat' dir='ltr'>nusquam</span> <span class='ocrx_word' id='word_1_456' title='bbox 670 4023 731 4076; x_wconf 77' lang='lat' dir='ltr'>clam</span> <span class='ocrx_word' id='word_1_457' title='bbox 756 4019 874 4094; x_wconf 79' lang='lat' dir='ltr'>ejusdem</span> <span class='ocrx_word' id='word_1_458' title='bbox 903 4017 1007 4092; x_wconf 76' lang='lat' dir='ltr'>generis</span> <span class='ocrx_word' id='word_1_459' title='bbox 1030 4015 1184 4090; x_wconf 74' lang='lat' dir='ltr'>speciebut„</span> 
     </span>
    </p>
   </div>
   <div class='ocr_carea' id='block_1_9' title="bbox 980 4111 1021 4194">
    <p class='ocr_par' dir='ltr' id='par_1_9' title="bbox 980 4111 1021 4194">
     <span class='ocr_line' id='line_1_45' title="bbox 980 4111 1021 4194; baseline 0 -46"><span class='ocrx_word' id='word_1_460' title='bbox 980 4111 1021 4194; x_wconf 75' lang='lat'>3,</span> 
     </span>
    </p>
   </div>
   <div class='ocr_carea' id='block_1_10' title="bbox 0 0 1463 4974">
    <p class='ocr_par' dir='ltr' id='par_1_10' title="bbox 0 0 1463 4974">
     <span class='ocr_line' id='line_1_46' title="bbox 0 0 1463 4974; baseline 0 0"><span class='ocrx_word' id='word_1_461' title='bbox 0 0 1463 4974; x_wconf 95' lang='lat' dir='ltr'> </span> 
     </span>
    </p>
   </div>
  </div>
 </body>
</html>
