2880 4974
206 356 254 437 ni
496 360 536 424 C.
564 359 724 426 PLlNll
752 359 855 454 ΜΤ.
884 357 1006 423 lllST.

169 499 185 552 3
204 471 391 556 Simonem⁸
401 487 444 556 ad
460 488 640 582 spectaculi
659 503 826 558 eventum.
843 487 1004 558 Celeriter
1020 486 1169 581 delphini
1183 509 1282 554 exau·

204 593 300 662 diunt
329 592 507 680 desideria,
533 595 736 690 Aquilonum
767 596 850 664 flatu
882 619 1000 663 vocem
1032 607 1282 688 prosequente,

203 704 327 768 Austro
348 725 429 770 vero
449 701 574 772 tardius
593 729 631 771 ex
651 703 792 772 adverso
812 702 987 771 referente.
1016 701 1082 770 Sed
1102 713 1174 768 tum
1197 723 1282 792 quo-

178 883 182 892 }
205 831 270 898 que
291 807 474 902 improviso
498 811 532 878 in
564 810 722 879 auxilium
743 809 910 878 advolant.
932 809 1116 902 Properare
1143 820 1283 901 apparet

205 913 306 1002 acies,
325 939 399 1010 quae
417 918 569 1009 protinus
588 917 776 1012 disponitur
801 919 835 985 in
852 916 942 1004 loco,
965 915 1022 982 ubi
1044 914 1215 1008 conjectus
1233 927 1285 981 est

204 1043 355 1118 pugnae:
386 1040 562 1117 opponunt
590 1049 660 1094 sese
690 1025 733 1094 ab
759 1022 869 1104 alto⁹‚
895 1021 1108 1117 trepidosque
1136 1022 1172 1087 in
1198 1019 1285 1087 vada

205 1143 338 1220 urgent.
354 1131 440 1197 Tum
460 1131 640 1226 piscatores
656 1131 865 1202 circumdant
879 1131 978 1212 retia,
996 1127 1163 1222 furcisque
1180 1123 1286 1195 suble

205 1248 288 1302 vant
307 1261 315 1304 :
337 1235 500 1330 mugilum
527 1238 743 1308 nihilominus
769 1237 928 1306 velocitas
957 1233 1109 1304 transilit.
1139 1236 1184 1302 At
1210 1231 1284 1302 illos

208 1340 553 1440 excipiuntdelphini‚
574 1360 607 1414 et
620 1345 780 1415 occidisse
795 1345 837 1413 ad
852 1367 997 1439 praesens
1010 1341 1174 1420 contenti,
1191 1340 1286 1409 cibos

174 1462 190 1518 l
208 1447 242 1514 in
256 1449 429 1518 victoriam
441 1448 465 1473 ¹⁰
481 1450 652 1521 differunt.
665 1454 778 1547 Opere
788 1451 938 1547 prelium
954 1450 1078 1537 fervet,
1095 1446 1287 1540 includique

208 1553 333 1624 retibus
358 1581 393 1626 se
423 1556 599 1628 fortissime
624 1574 782 1654 urgentes
813 1557 958 1653 gaudent
983 1582 990 1624 :
1014 1581 1053 1624 ac
1075 1580 1117 1624 ne
1142 1555 1287 1647 idipsum

208 1659 322 1753 fugam
333 1662 479 1732 hostium
494 1665 657 1753 stimulet,
678 1669 765 1736 inter
778 1666 912 1760 navigia
926 1679 959 1733 et
972 1664 1074 1747 retia,
1091 1675 1288 1730 natantesve

135 1822 137 1824 .
208 1765 377 1856 homines,
393 1771 440 1838 ita
457 1775 578 1842 sensim
596 1773 791 1860 elabuntur,
810 1788 849 1842 ut
862 1768 1019 1840 exitum²¹
1037 1795 1107 1838 non
1125 1768 1287 1863 aperiant.

211 1873 320 1962 Saltu,
343 1877 434 1970 quod
457 1894 507 1947 est
530 1879 609 1950 alias
640 1879 891 1950 blandissimum
914 1878 987 1962 his,
1014 1875 1124 1944 nullus
1147 1889 1290 1944 conatur

211 1980 364 2071 evadere,
373 1986 408 2051 ni
419 1987 670 2094 summittantur
686 1988 747 2056 sibi
765 1989 858 2058 retia.
868 1989 1029 2080 Egressus
1044 1984 1198 2078 protinus
1210 1996 1289 2050 ante

210 2086 337 2156 vallum
351 2091 528 2184 praeliatur.
548 2095 601 2162 Ita
619 2109 756 2190 peracta
772 2090 954 2190 captura¹²,
969 2115 1052 2186 quos
1071 2093 1289 2172 interemere,

211 2235 249 2282 ad
260 2239 394 2302 spectaculi
410 2253 530 2290 eventum.
547 2243 660 2292 Celeriter
673 2245 728 2292 del·
773 2243 814 2290 nli
832 2251 973 2308 conspectus
988 2249 1125 2306 estpugnae
1139 2255 1149 2286 .·
1164 2249 1293 2303 opponunt

206 2317 282 2382 paint
294 2320 435 2369 exattdiunt
446 2321 583 2383 desideria,
596 2333 645 2374 etc.
654 2321 729 2374 Libri
774 2309 843 2386 sese,
865 2331 913 2372 etc.
938 2317 1076 2371 Pelllcerio
1094 2317 1186 2368 favent
1205 2314 1292 2366 nostri

212 2412 306 2450 omnes
318 2415 400 2450 manu
412 2401 593 2465 exarati,sine
606 2403 730 2473 praeposi-
774 2399 880 2452 codices
901 2401 968 2469 Reg.
993 2417 1019 2466 1,
1047 2417 1075 2463 ι,
1102 2395 1177 2448 Colb.
1205 2415 1234 2458 1,
1258 2414 1293 2456 a,

213 2476 285 2529 tione
297 2483 347 2541 ad,
364 2485 498 2547 spectaculi
507 2496 617 2533 eventum
631 2503 687 2554 prae
702 2501 730 2534 se
775 2479 866 2533 Chiffl.
885 2479 969 2532 Paris.
990 2489 1039 2532 etc.
1058 2493 1174 2548 quorum
1188 2493 1218 2526 ex
1238 2473 1293 2526 fide

214 2556 310 2610 ferunt.
317 2559 496 2624 Quamobrem
503 2563 685 2634 legendumita
692 2563 731 2615 in·
775 2560 855 2632 paulo
874 2571 935 2610 arrte
953 2565 1099 2625 Prosperare
1114 2565 1233 2624 apparet,
1253 2571 1295 2604 re·

212 2639 479 2712 terpungendumqne
490 2661 643 2698 censemus:
655 2644 731 2696 «Cla-
777 2639 945 2712 scripsimus,
959 2637 1005 2690 ubi
1023 2657 1127 2704 propere
1145 2633 1293 2704 legebatur.

216 2735 292 2768 more
319 2721 421 2774 conciet
445 2723 588 2776 Simonem.
625 2725 732 2796 Specta·
775 2719 921 2772 Moxidem
930 2716 1140 2781 Pellicerins,ut
1154 2723 1297 2766 auctorest

216 2796 270 2848 culi
301 2813 426 2852 eventum
457 2803 579 2858 celeriter
610 2803 732 2876 delphini
776 2795 1297 2866 Bondeletius‚legiceusebatoportere‚
1345 2825 1348 2830 -

216 2876 362 2931 eraudiunt
372 2879 541 2936 desiderari.»
556 2885 625 2949 vel,
636 2899 667 2937 ut
676 2885 734 2938 Pel·
779 2906 790 2928 ι
801 2880 874 2933 cibos
887 2879 916 2930 in
929 2877 1068 2930 victoriam
1084 2873 1214 2926 differunt
1232 2889 1297 2943 ope-

216 2957 311 3008 licerio
321 2959 408 3011 visum
419 2963 733 3035 estinnotisMSSmSpe·
777 2979 823 3012 ιω.
850 2956 976 3010 Pretium
1007 2955 1106 3016 fervet,
1134 2968 1186 3005 etc.
1205 2976 1219 2996 υ
1242 2950 1297 3004 Sed

217 3038 323 3090 oraculo
361 3042 577 3095 convenientium
613 3043 735 3096 celeriter
778 3039 885 3092 codices
902 3035 1246 3090 adversantureicensurae.
1260 3031 1297 3083 H.

219 3116 416 3187 delphini‚et0.
429 3120 542 3175 »Henna
580 3136 582 3142 ’
817 3135 859 3171 to.
894 3119 963 3168 Olbos
990 3119 1016 3168 in
1041 3115 1181 3166 vicmriam.
1205 3111 1298 3174 Infra,

256 3200 280 3251 8.
291 3202 422 3255 Simonem.
437 3201 539 3256 Vocem
552 3221 624 3269 eam,
637 3207 734 3266 Simon,
780 3198 911 3251 «Peracta
920 3208 1042 3266 captura,
1054 3211 1121 3266 quos
1130 3193 1299 3255 interemere,

191 3309 196 3316 ·
221 3291 351 3350 qnantum
368 3281 528 3335 contendere
543 3282 660 3336 clamore
676 3302 736 3355 pos·
781 3276 1043 3348 diripiunt.·Hsnn.

176 3391 177 3396 =
222 3370 297 3422 sunt,
308 3359 514 3430 ingeminando,
526 3360 666 3434 delphinus
678 3381 736 3418 evu-
819 3375 859 3409 η.
875 3362 905 3408 ut
918 3357 1020 3428 eximm.
1038 3351 1121 3404 Solita
1135 3349 1179 3412 vi,
1190 3349 1299 3419 inquit,

144 3495 145 3500 ,
222 3450 292 3490 cant.
305 3438 399 3492 Henn.
781 3434 978 3496 asceterium,
1004 3431 1069 3484 dum
1089 3441 1161 3482 extra
1184 3428 1250 3481 retia
1270 3447 1300 3481 se

259 3527 285 3576 9·
300 3513 345 3560 Uli
357 3512 481 3578 ⁶⁰²‘J't'ssltts
493 3528 530 3566 θεῖ
538 3533 651 3582 pugna-¹
663 3534 737 3582 ορμον
780 3515 932 3588 recipiunt,
951 3511 1070 3583 delphini
1088 3521 1201 3562 utuntur
1225 3524 1232 3558 :
1251 3507 1301 3560 sed

161 3599 164 3610 '
223 3605 289 3641 siunt
304 3609 356 3643 sese
377 3593 409 3640 ab
428 3595 489 3644 αΙιο.
517 3593 559 3647 Sic
585 3593 738 3647 Pellicerius
781 3609 835 3648 tam
844 3597 939 3648 leniter
952 3593 1102 3662 sensimque
1112 3590 1181 3642 inter
1194 3587 1302 3658 piscan-

223 3669 377 3726 tesllffltbat
394 3669 586 3736 hamtonam,
602 3686 739 3728 attestante
782 3677 850 3729 tium
873 3674 982 3748 cymbas
1009 3691 1040 3725 ac
1068 3670 1137 3724 retia
1158 3667 1302 3720 elabuntur

224 3749 400 3813 Rondeletio,
418 3750 470 3802 loc,
494 3751 538 3804 cit.
563 3771 646 3821 quum
665 3753 739 3824 prius
782 3756 854 3828 ipsa,
879 3767 909 3806 nt
930 3752 1034 3804 nullum
1058 3748 1157 3802 eadem·
1171 3747 1212 3801 via
1236 3745 1303 3798 inde

224 3829 456 3901 essetinterpolata
464 3829 554 3895 lectio,
565 3836 606 3883 ubi
615 3837 740 3903 conjectus
784 3835 884 3888 exitum
908 3831 1003 3884 clausis
1026 3827 1168 3900 mugilibus
1196 3825 1302 3897 patefa-

225 3923 275 3970 σεε,
280 3927 377 3977 pugnae
386 3925 596 3978 apprehenseum,
611 3925 661 3964 etc.
672 3914 741 3964 Vos·
787 3913 868 3967 ciant.
881 3913 974 3963 Reno.

224 3987 316 4042 sinsin
326 3989 423 4043 Melam
433 3990 497 4055 (vid.
505 4001 559 4044 not.
572 3993 608 4058 1),
618 3993 736 4064 legebat,
827 4011 867 4044 η.
880 3997 920 4041 Ita
928 4003 1034 4059 peracta
1047 4003 1167 4056 captura,
1183 4004 1244 4052 quos
1261 3987 1304 4034 in-
