2880 4974
259 429 306 474 20

523 406 560 472 c.
590 369 765 482 animi
795 403 906 472 uxr.
932 357 1066 475 aisr'.

254 537 369 607 raculo
392 537 464 604 fuit.
483 538 616 630 lnjuriae
638 553 841 633 potestatum
855 540 898 606 in
918 527 1139 636 hospitales⁸‚
1161 543 1204 611 ad
1224 546 1337 614 visen·

254 646 335 714 dum
349 645 569 726 venientium,
584 646 815 740 Hipponenses
825 647 857 712 in
872 671 988 714 necem
1004 649 1074 741 ejus
1084 648 1334 744 compulerunt.

221 765 235 817 5
307 754 395 820 Ante
406 751 477 820 haec
496 750 614 819 similia
626 752 668 822 de
683 778 788 847 puero
804 753 838 819 in
855 753 963 822 Iasso⁹
982 756 1066 823 urbe
1087 773 1353 846 memorantur,¹

229 911 231 916 .
254 860 348 952 cujus
370 883 483 927 amore
505 874 670 953 spectatus
690 858 792 952 longo
807 873 975 954 tempore,
997 861 1076 930 dum
1099 863 1276 934 abeuntem
1296 868 1335 934 in

218 961 220 975 ¹
254 965 346 1034 littus
364 965 462 1034 avide
478 968 638 1058 sequitur,
654 967 689 1034 in
712 989 846 1034 arenam
866 969 1018 1038 invectus
1035 971 1224 1064 exspiravit.
1244 974 1335 1040 Pue-

254 1097 329 1140 rum
366 1071 554 1141 Alexander
576 1071 751 1168 Magnus'⁰
771 1072 940 1167 Babylone
965 1074 1115 1170 Neptuni
1145 1077 1335 1147 sacerdotio

254 1179 417 1274 praefecit,
436 1204 582 1248 amorem
599 1177 691 1248 illum
717 1181 864 1248 numinis
886 1183 1020 1276 propitii
1041 1182 1140 1251 fuisse
1161 1185 1329 1279 interpre-

220 1303 236 1350 6
255 1301 352 1355 tatus.
369 1289 410 1353 In
424 1286 539 1354 eadem
552 1285 667 1354 urbe¹¹
683 1289 775 1356 lasso
790 1287 1029 1379 Hegesidemus
1047 1289 1161 1357 scribit
1179 1305 1212 1358 et
1229 1289 1332 1360 alium

291 1418 316 1469 8.
337 1421 368 1466 ln
383 1417 523 1484 hospitales.
544 1413 584 1466 Ita
605 1413 710 1466 divisim
731 1415 767 1466 le-

254 1493 388 1566 gendum,
401 1513 456 1546 non
467 1505 498 1546 ut
504 1491 588 1564 prius,
601 1497 767 1562 inhospitales,

254 1575 426 1646 conjunctim.
448 1573 593 1626 Potestates
612 1584 703 1626 autem
722 1592 768 1626 ro·

253 1655 326 1706 mani
351 1653 472 1708 homines
496 1672 568 1706 nunc
590 1654 768 1724 appellantur,

253 1735 409 1805 magistratu
431 1752 462 1785 ac
492 1731 620 1804 dignitate
644 1733 765 1805 praediti:

252 1815 397 1888 hospitales
406 1832 471 1866 vero
478 1813 656 1885 Hipponiatae,
666 1814 713 1886 qui
723 1833 767 1868 eos

251 1895 369 1966 hospites
384 1893 578 1966 suscipiebant,
598 1913 612 1946 a
634 1894 732 1965 quibus
746 1894 766 1946 ii

251 1975 458 2037 contumeliose,
475 1973 615 2037 atrociter,
626 1972 766 2045 injuriose·

251 2076 303 2127 que
312 2055 407 2109 habiti.
417 2055 460 2108 Sic
470 2054 612 2116 luvenalis,
624 2053 717 2125 Satyra
727 2055 765 2118 X,

251 2155 320 2188 vers.
335 2155 398 2189 roo:
409 2161 419 2182 a
430 2137 587 2187 Praetextam
598 2152 703 2186 sumere
714 2152 766 2186 ma·

249 2214 306 2279 vis,
319 2217 359 2266 An
373 2213 549 2274 Fidenarum,
562 2212 765 2284 Gabiorumque

250 2313 305 2346 esse
325 2305 471 2366 potestas.»
497 2291 577 2364 Apud
600 2292 764 2362 Ughellum‚

249 2375 309 2426 Ital.
333 2373 404 2426 Sacr.
426 2385 482 2424 tom
500 2389 558 2433 vit,
582 2383 645 2442 pa'g.
672 2373 763 2437 1342:

249 2452 443 2506 «Innocentius
458 2451 597 2523 episcopus
611 2471 701 2505 servus
711 2471 764 2505 ser-

248 2553 344 2586 vorum
352 2534 411 2587 Dei.
425 2532 535 2585 Dilectis
544 2531 615 2599 filiis,
625 2533 763 2599 Potestati,

248 2615 383 2677 Consilio,
401 2633 450 2665 nec
473 2632 528 2665 non
547 2613 685 2665 communi
700 2613 764 2666 civi·

247 2693 307 2746 tatis
332 2693 448 2768 Adriae,
464 2705 489 2745 et
512 2693 636 2746 universo
660 2694 763 2766 populo

247 2773 382 2827 Adriensis
389 2773 525 2837 Dioecesis,
535 2773 653 2826 Salutem
662 2777 687 2825 et
695 2776 763 2846 Apo·

248 2855 307 2906 stol.
319 2854 418 2907 Bened.
431 2881 444 2900 a
457 2852 561 2906 Laudat
571 2854 705 2925 Ulpianus
714 2856 763 2908 Ju-

247 2935 284 2986 nii
297 2935 446 2988 Gracchani
459 2935 560 2986 librum
573 2941 611 2985 De
631 2941 761 2988 Potestoti-

247 3020 299 3076 bus,
307 3026 336 3066 ut
346 3015 373 3066 in
384 3015 532 3066 ductorum
540 3014 628 3066 indice
638 3013 761 3068 diximus.

246 3095 316 3146 Hinc
326 3095 450 3146 Italicum
457 3095 573 3147 Pedestd.
582 3093 653 3146 Vide
672 3095 762 3148 Meur-

246 3175 278 3226 sii
287 3174 495 3242 Glossarium,v.
502 3173 660 3236 Ποτεσταίτος,
671 3186 696 3226 et
704 3179 761 3228 Du·

247 3255 370 3325 cangium
388 3253 487 3326 pariter
505 3251 533 3304 in
546 3252 690 3305 Glossario.
709 3254 741 3307 Η.

283 3353 307 3401 9.
325 3341 354 3385 In
370 3340 448 3386 lasso.
463 3333 570 3384 Habent
586 3331 696 3402 quidam
716 3352 760 3386 co-

246 3413 327 3479 dices,
338 3419 407 3466 loso.
423 3411 545 3464 AElianus
565 3431 672 3484 quoque
684 3415 706 3465 ἐν
720 3406 759 3466 loi-

245 3491 596 3564 op,sedmendose.lle⁸ctius
605 3491 758 3557 Athenaeus,

246 3577 268 3625 ἐν
276 3566 348 3644 laeli.
362 3565 431 3632 lao‘oe
441 3571 523 3634 enim,
534 3571 587 3624 sive
599 3564 683 3632 laterbe
695 3591 758 3646 oxy·

245 3665 349 3716 tonum,
362 3652 449 3704 insula
461 3653 543 3703 Cariae
555 3663 606 3716 est,
617 3651 758 3724 oppidum-

244 3729 312 3802 que,
326 3733 360 3785 de
378 3751 431 3804 quo
447 3731 493 3783 lib.
504 3738 538 3793 V,
552 3751 612 3803 cap.
630 3753 671 3800 ²9·
688 3725 757 3793 laroc

241 3824 503 3885 proparoxytonum3
514 3810 690 3882 Peloponnesi
698 3812 757 3865 civi-

242 3903 295 3954 tas,
307 3911 339 3942 ex
352 3893 494 3964 Stephano,
507 3891 597 3943 Hans).

280 3991 319 4023 10.
346 3979 448 4022 Puerum
467 3975 617 4038 Alexander
634 3977 754 4040 Magnus,

239 4053 309 4123 Lege
322 4070 329 4105 :
347 4057 452 4104 Puerum
465 4055 614 4104 Alexander
627 4057 754 4119 Magnus,

814 1418 963 1479 Babylonem
978 1421 1086 1482 nomine,
1095 1421 1206 1486 Neptuni
1216 1426 1334 1472 sacerdo-

813 1495 846 1544 tio
857 1495 980 1562 praefecit.
990 1495 1210 1550 Sam-Puerum
1218 1505 1333 1554 Alexan-

813 1577 860 1626 der
868 1580 994 1642 blagnus,
1010 1588 1059 1628 etc.
1074 1575 1215 1630 Athenaeus
1229 1579 1332 1652 Diony·

813 1653 882 1705 sium
896 1669 982 1721 vocat,
994 1655 1040 1707 lib.
1054 1655 1138 1718 XIII,
1150 1657 1198 1708 ubi
1209 1658 1330 1729 ejusdem

812 1734 962 1803 argumenti
982 1735 1108 1806 pleraque
1130 1736 1181 1788 alia
1202 1737 1331 1808 leguntur

811 1813 879 1866 scitu
893 1811 1060 1884 dignissima.
1074 1813 1143 1868 Vide
1153 1816 1242 1870 locum
1250 1855 1258 1882 ,
1272 1837 1329 1872 non

811 1893 938 1964 procula
961 1893 1023 1946 line.
1045 1895 1148 1948 Dssnc.
1168 1927 1201 1936 —
1221 1902 1329 1949 Puerum

811 1975 960 2023 Alexander
970 1979 1079 2042 Magnus
1095 1979 1223 2040 Babylone
1233 1981 1329 2044 Neptu·

811 2055 839 2102 ni
850 2057 990 2104 sacerdotio
996 2056 1116 2122 praeficit.
1132 2055 1248 2108 Delicias
1262 2057 1329 2110 lacit

810 2132 933 2196 Solinus,
950 2137 995 2206 qui
1005 2136 1079 2188 hunc
1095 2137 1174 2188 Plinii
1186 2137 1276 2190 locum
1288 2140 1327 2192 sic

810 2212 953 2281 intellexit,
974 2229 1003 2282 ut
1021 2235 1136 2288 puerum
1157 2217 1327 2290 Babylonem

809 2295 918 2346 nomine
934 2295 1079 2348 vocitatum
1099 2297 1206 2350 scribat.
1227 2299 1328 2351 Salma-

810 2373 877 2425 sium
892 2386 981 2428 tamen
996 2377 1079 2429 miror
1094 2378 1179 2448 magis
1195 2397 1227 2430 eo
1239 2377 1326 2432 Solini

808 2456 958 2509 testimonio
972 2456 1087 2509 Plinium
1101 2457 1170 2512 velle
1183 2457 1221 2510 sic
1236 2476 1326 2511 emen·

809 2533 885 2598 dare3
900 2535 927 2588 in
943 2537 1026 2589 Solin.
1043 2555 1103 2607 pag.
1124 2536 1188 2601 185,
1205 2537 1325 2607 neglecta

808 2615 928 2667 omnium
942 2615 1071 2667 librorum
1081 2615 1144 2681 fide,
1148 2635 1252 2682 puerum
1264 2623 1326 2678 Ale-

807 2700 909 2746 xunder
918 2701 1036 2763 Magnus,
1049 2699 1199 2760 Babylonem
1212 2699 1326 2761 nomine,

807 2779 915 2844 Neptuni
925 2777 1070 2836 sacerdotio,
1082 2787 1131 2828 etc.
1141 2775 1201 2827 Non
1212 2776 1324 2830 venitin

808 2869 922 2908 mentem
945 2855 1046 2908 scilicet
1065 2873 1165 2906 nomeu
1186 2855 1211 2907 ei
1237 2874 1323 2926 puero

807 2934 966 3006 Dionysium
990 2935 1085 2994 luisse,
1105 2946 1136 2986 ut
1162 2947 1255 2987 auctor
1281 2949 1323 2989 est

807 3014 1020 3078 Athenvaeus,lib.
1031 3014 1116 3074 XIII,
1130 3033 1154 3084 p.
1168 3017 1229 3066 606.
1241 3014 1322 3068 Haud

807 3093 954 3145 absimilem
970 3112 1086 3146 errorem
1098 3095 1153 3164 jam
1164 3093 1261 3146 aliasin
1275 3093 1320 3146 So·

805 3172 861 3224 lino
869 3171 1107 3244 deprehendimus,
1118 3172 1136 3223 l.
1146 3173 1228 3236 VIII,
1240 3192 1263 3226 c.
1277 3178 1320 3242 64.

806 3253 833 3305 Is
847 3254 917 3306 enim
930 3272 1012 3324 quum
1023 3252 1141 3304 Plinium
1160 3253 1321 3307 transcribe-

805 3344 853 3395 ret,
863 3331 1054 3403 Opuntemque
1063 3332 1090 3384 in
1101 3350 1132 3383 eo
1141 3331 1252 3402 legeret,
1261 3353 1320 3405 quse

805 3414 951 3466 Locrorum
965 3413 1058 3466 civitas
1072 3424 1123 3474 est,
1138 3411 1201 3484 equi
1219 3431 1318 3466 nomen

804 3492 832 3545 id
843 3513 898 3546 esse
911 3492 1030 3545 credidit.
1041 3493 1319 3562 Elam—Gomphe-

803 3585 891 3625 torum
910 3592 985 3626 error
1005 3572 1105 3644 gravis,
1127 3571 1317 3625 somniantium

802 3651 956 3719 identidem,
969 3665 994 3705 et
1005 3651 1085 3704 simiae
1097 3652 1177 3715 hujus
1187 3670 1241 3702 non
1252 3653 1318 3706 absi·

802 3732 925 3799 milium,
949 3751 1028 3804 quam
1058 3744 1148 3784 noster
1171 3731 1317 3786 Fontanius

801 3824 931 3865 monstrat
942 3812 1069 3884 delphino
1079 3810 1222 3864 sciscitanti
1230 3829 1265 3863 an
1274 3811 1316 3862 Pi-

799 3912 881 3946 raeum
893 3906 997 3958 nosset,
1011 3891 1230 3964 respondentem:

800 3985 849 4024 Sans
856 3981 932 4022 doute!
948 3981 966 4020 le
974 3979 1041 4021 Pire'el
1052 3979 1068 4019 il
1075 3987 1105 4020 est
1113 3980 1138 4020 de
1147 3992 1188 4020 mes
1198 3977 1257 4018 amis.
1279 3979 1311 4022 As.

847 4070 886 4103 11.
900 4057 931 4102 ln
950 4055 1035 4104 eadem
1050 4055 1114 4102 urbe.
1132 4049 1239 4103 Solinus
1256 4051 1317 4104 loco
