2880 4974
259 451 305 498 υ
341 438 343 444 ’
528 429 566 496 c.
595 381 771 498 rmum
799 425 910 504 nst.
938 430 1068 498 msr.

256 577 291 622 se
300 553 432 646 jecisset
449 551 483 618 in
494 576 604 641 mare,
623 547 799 649 exceptum
817 554 860 624 ab
873 577 941 623 uno
953 551 1142 624 Taenarium
1154 537 1178 576 ¹⁸
1192 554 1226 621 in
1239 552 1334 625 littus

253 672 459 754 pervectum.

187 832 191 838 .
222 785 234 822 ¹
308 767 370 836 IX.
385 767 446 834 Est
464 767 645 859 provinciae
661 766 889 837 Narbonensis
906 779 940 834 et
956 766 990 834 in
1006 763 1236 837 Nemausien‘si
1250 791 1335 861 agro

254 887 409 966 stagnum
434 872 574 941 Latera1
597 873 817 969 appellatum,
836 874 893 942 ubi
912 898 989 942 cum
1008 872 1145 940 homine
1167 870 1334 967 delphini²

292 1039 332 1092 18.
354 1039 504 1089 Taenarium.
526 1039 549 1090 Δ
570 1037 684 1093 Taenaro
713 1059 775 1110 pro-
818 1037 967 1104 desideria,
980 1035 1145 1108 Aquilonum
1159 1035 1226 1090 flatu
1238 1056 1335 1092 vocem

255 1119 389 1171 montorio
419 1119 603 1190 Peloponnesi.
634 1122 773 1175 Hactenus
817 1128 1011 1189 prosequente,
1031 1118 1128 1168 Austro
1146 1135 1211 1169 vero
1231 1115 1336 1170 tardius

257 1197 339 1261 editi,
354 1204 485 1251 Tanarum
495 1237 503 1264 ,
513 1201 590 1254 male.
604 1201 693 1256 lisso.
818 1217 849 1250 ex
865 1197 978 1250 adverso
998 1195 1131 1248 referente
1151 1208 1257 1261 eastum,
1274 1208 1337 1250 tum

263 1269 267 1280 ¹
292 1278 338 1330 IX.
349 1297 371 1330 1.
382 1284 480 1330 Latera.
489 1281 627 1334 Acastello
635 1281 774 1354 adjacente
818 1295 926 1348 quoque
937 1275 1082 1348 improviso
1095 1275 1123 1327 in
1141 1275 1272 1328 auxilium
1287 1275 1336 1328 ad·

256 1375 354 1409 nomen
364 1357 450 1412 habet.
460 1358 546 1426 Mela,
558 1361 604 1413 lib.
619 1361 662 1425 ΙΙ,
672 1380 732 1432 cap.
745 1361 771 1424 5,
818 1357 918 1410 volant.
926 1357 1201 1427 Properareapparet;
1212 1355 1336 1426 aciesque

255 1453 319 1508 pag.
340 1437 394 1505 39,
416 1442 496 1489 Ledus
510 1443 624 1510 stamen,
646 1444 772 1492 castelium
817 1436 941 1509 protinus
961 1435 1111 1506 disponitur
1138 1434 1168 1486 in
1191 1434 1265 1501 loro,
1287 1435 1337 1488 ubi

256 1521 347 1568 Latera
359 1538 369 1567 :
381 1517 462 1570 hodie
472 1523 495 1570 Ie
509 1519 614 1572 ehdtean
623 1524 654 1571 de
668 1525 738 1570 Lacte
747 1530 774 1572 et
817 1528 976 1587 conspectus
990 1526 1029 1567 est
1043 1533 1157 1586 pugne,
1168 1526 1219 1567 etc.
1230 1540 1243 1559 υ
1256 1515 1336 1567 Voss.

172 1611 174 1617 ·
256 1601 284 1649 la
298 1611 354 1648 tour
363 1601 394 1648 de
406 1603 485 1650 Laese.
500 1598 585 1652 Nemo
598 1617 679 1670 porro
694 1599 773 1651 mire·
817 1595 963 1648 —Dehuit
971 1595 1086 1666 legentes
1101 1613 1211 1648 monere
1220 1591 1337 1646 Hardui·

255 1689 300 1730 tur
309 1675 337 1729 id
349 1696 365 1729 a
378 1677 502 1730 Plinioin
513 1698 576 1751 agro
587 1678 773 1732 Nemausiensi
816 1695 883 1736 nus,
899 1693 954 1726 non
972 1693 987 1726 a
1004 1692 1032 1726 se
1050 1674 1198 1745 profectam
1215 1672 1286 1726 hanc
1301 1673 1337 1726 de

148 1784 149 1787 ¹
255 1755 332 1831 poni,
347 1759 473 1829 quamsit
484 1760 579 1832 jamin
589 1758 772 1832 Megalonensi
817 1757 877 1808 loco
884 1755 970 1825 stagni
982 1765 1008 1806 et
1017 1754 1126 1806 nomine
1137 1755 1335 1825 conjecturam,

254 1855 326 1908 pago
339 1838 454 1910 :quippe
462 1839 563 1892 Plinius
573 1840 628 1912 ipse
637 1878 644 1904 ,
654 1833 699 1893 liB.
710 1841 769 1901 ΙΙΙ,
816 1835 863 1890 sed
875 1853 889 1886 a
899 1833 1000 1898 Clusio,
1010 1851 1091 1904 quem
1102 1833 1291 1904 interrogatum
1301 1833 1336 1885 ab

256 1935 315 1988 cap.
328 1917 465 1990 5,0ppida
479 1920 772 1973 xvarecomicorum
817 1914 919 1967 Ortelio
938 1910 1093 1984 geographo
1114 1909 1149 1962 de
1169 1910 1211 1964 his
1238 1912 1337 1978 rebus,

255 1997 492 2052 Nemausiensibus
506 1999 634 2050 attributa
646 1998 773 2069 prodidit.
817 1993 939 2047 videmus
953 1991 1009 2043 haec
1020 1991 1090 2056 fere,
1102 1989 1173 2076 intgr
1188 1989 1265 2061 plura
1275 2010 1336 2063 quae

255 2076 383 2146 Stagnum
397 2075 424 2128 id
439 2096 521 2148 porro
534 2077 563 2128 in
578 2096 650 2129 mare
662 2089 773 2150 angusto
817 2073 852 2127 de
863 2073 985 2126 consulto
993 2068 1335 2142 omittimus,rescripsisse:

255 2171 302 2205 ore
313 2151 475 2220 devolvitur,
489 2155 561 2208 infra
580 2157 700 2210 Montem
718 2159 775 2210 Pes·
819 2151 1092 2223 «Lateraidstagnum
1104 2151 1203 2222 aliquot
1212 2151 1337 2205 milliaria
1372 2175 1374 2180 ’

257 2232 390 2286 sulanum.
415 2233 506 2288 Hsnn.
527 2265 563 2275 —-
580 2241 626 2286 Est
637 2239 773 2304 provincia
818 2233 847 2286 in
857 2233 1052 2305 longitudinem
1066 2231 1224 2304 porrigitur,
1236 2231 1279 2284 cui
1290 2232 1339 2284 ali·

256 2315 428 2364 Narbonensis
438 2327 461 2364 ee
470 2315 495 2364 ia
509 2318 772 2384 Nemausiensiagra,
818 2325 884 2384 quot
911 2313 962 2366 vici
988 2325 1015 2367 et
1041 2312 1170 2384 oppidula
1200 2311 1336 2384 adjacent.

257 2402 307 2443 etc.
321 2391 393 2462 Lege
411 2411 418 2446 ε
431 2393 501 2446 «Est
515 2394 662 2465 provincie
672 2397 775 2450 Narbo·
818 2395 962 2449 Nonnullis
969 2393 1034 2447 locis
1041 2398 1153 2462 Escang,
1166 2402 1191 2445 et
1200 2393 1246 2444 ubi
1257 2393 1338 2446 altius

257 2471 348 2523 nensis
360 2483 385 2524 et
400 2470 428 2523 in
446 2473 629 2526 Nemausiensi
646 2494 709 2547 agro
723 2488 774 2528 sta·
818 2474 917 2528 vadum
939 2474 1019 2526 hahet
1037 2478 1129 2536 Estau,
1151 2472 1185 2524 ab
1205 2471 1340 2543 indigenis

258 2568 343 2620 gnum
357 2551 453 2603 Latera
464 2552 641 2623 appellatum,
655 2555 702 2607 ubi
711 2574 774 2608 cum
818 2553 977 2626 appellatur.
988 2553 1075 2605 Littus
1089 2551 1169 2604 maris
1180 2551 1255 2623 quod
1266 2550 1340 2604 incli-

257 2628 366 2682 homine
372 2628 491 2702 delphini
498 2631 623 2684 societate
629 2633 774 2706 piscantur.
819 2653 893 2708 genae
899 2637 982 2702 plaga
992 2636 1023 2683 de
1036 2635 1062 2683 la
1073 2651 1130 2683 mar
1142 2630 1251 2695 dicunt,
1264 2631 1340 2684 littus

258 2709 403 2762 Innumera
421 2709 460 2764 vis
478 2711 610 2783 mugilum
627 2725 695 2766 stato
709 2727 775 2768 tem·
821 2713 918 2770 amari
941 2711 1091 2784 sejungit...
1106 2737 1119 2758 s
1138 2711 1193 2762 Uhi
1214 2710 1290 2764 vides
1312 2724 1340 2765 et

259 2806 327 2859 pore
351 2789 468 2862 angustis
491 2791 613 2846 faucibus
639 2796 723 2867 stagni
746 2796 776 2849 in
821 2793 908 2862 stagni
935 2790 1097 2845 hodiernum
1114 2808 1236 2855 nomen,
1263 2791 1339 2862 quod

260 2889 333 2923 mare
345 2870 473 2942 erumpit,
487 2873 629 2927 observata
643 2887 719 2929 estus
732 2895 774 2929 re·
821 2871 931 2926 maximi
946 2871 974 2924 h.
988 2871 1008 2923 l.
1023 2869 1150 2922 momenti
1161 2869 1286 2922 omissum
1302 2871 1339 2923 ab

260 2948 449 3020 ciproeatione.
456 2950 639 3017 Quadecausa
648 2954 777 3024 praetendi
822 2953 970 3018 nerduino,
976 2969 1032 3004 non
1039 2948 1204 3022 preteritum
1214 2949 1338 3003 aClusio.

261 3047 316 3080 non
327 3039 428 3099 queunt
436 3029 778 3106 retiaaquae,molempon·
823 3033 956 3087 Ceterum
978 3031 1053 3083 hunc
1077 3032 1207 3100 susdeque
1229 3031 1341 3083 invertit

261 3107 332 3161 deris
350 3109 425 3168 nullo
444 3108 525 3163 modo
545 3112 696 3168 toleratura.
718 3115 778 3168 Jam
822 3124 907 3166 totum
923 3113 1011 3164 locum
1029 3107 1111 3161 Isaac.
1121 3108 1228 3161 Vossius
1242 3107 1269 3160 in
1283 3108 1341 3162 Me·

261 3187 353 3240 sinon
367 3187 472 3242 solertia
487 3189 628 3244 insidietur
646 3193 778 3265 tempori,
822 3193 884 3252 lam,
894 3211 923 3264 p.
937 3206 995 3260 179.
1006 3189 1088 3260 Cujus
1096 3187 1195 3259 integra
1206 3188 1340 3241 correctio

263 3267 341 3322 simili
363 3269 466 3322 ratione
491 3270 519 3322 in
545 3271 630 3323 altum
656 3273 779 3343 protinus
822 3273 888 3325 citra
901 3267 1122 3326 commentarium
1133 3267 1209 3320 nobis
1219 3266 1340 3321 exhibita

163 3405 167 3411 ,
262 3348 394 3415 tendunt,
412 3349 486 3422 quod
505 3350 596 3404 vicino
609 3353 714 3423 gurgite
734 3353 779 3406 ad·
823 3363 862 3406 est
877 3339 1026 3425 supremis.

262 3428 619 3502 fligitur,loeumquesolum
630 3431 779 3502 pandendis
860 3452 883 3484 a.
902 3433 1024 3498 Delphini.
1048 3425 1165 3482 Similem
1183 3426 1339 3481 societatem

263 3509 363 3561 retibus
377 3509 494 3562 habilem
508 3510 628 3583 effugere
645 3513 777 3566 festinant.
823 3509 941 3583 piscandi
949 3508 1141 3577 delphinorum
1151 3523 1212 3559 cum
1219 3504 1341 3573 homine,

263 3587 345 3654 Quod
355 3587 402 3640 ubi
412 3588 626 3644 animadvertere
635 3591 777 3664 piscantes,
823 3591 851 3643 in
858 3591 967 3651 Euboea,
978 3586 1106 3640 describit
1118 3585 1260 3658 Oppianus
1269 3623 1277 3648 ,
1287 3586 1340 3638 Ha·

263 3667 399 3721 concurrit
420 3680 510 3720 autem
528 3667 688 3735 multitudo,
712 3681 779 3722 tem·
822 3669 1052 3734 lieut.lib.V,vs.
1067 3665 1128 3730 425.
1142 3665 1341 3718 Herm—Ma-

263 3747 335 3819 poris
348 3765 442 3818 gnara,
457 3759 482 3799 et
497 3747 585 3818 magis
604 3748 680 3801 etiam
699 3748 777 3803 volu·
820 3753 884 3819 giles
895 3766 1003 3820 quoque
1017 3747 1045 3798 in
1057 3759 1150 3817 stagno,
1159 3745 1341 3798 Narbonensis

263 3827 342 3898 protis
354 3827 434 3898 hujus
445 3825 539 3888 avida,
554 3839 679 3898 totusque
691 3847 777 3901 popu·
821 3822 1342 3898 Lassesdictopiscatorumpredaehodie

264 3905 306 3957 lus
320 3924 335 3957 e
345 3905 444 3972 littore,
456 3917 556 3976 quanto
566 3917 652 3978 potest
662 3907 779 3961 clamore
822 3906 961 3961 fiunevid.
969 3917 994 3958 et
1001 3905 1036 3959 cf.
1045 3905 1074 3957 in
1085 3906 1213 3956 Memoires
1222 3904 1341 3955 d'Astrnc

263 3984 779 4058 concietSimonemadspectaculieven·
822 3987 1342 4052 surl'HiseoirenaturelleduLangaedoc,

263 4075 329 4118 tum.
347 4064 476 4118 Celeriter
492 4065 614 4138 delphini
633 4066 780 4120 exaudiunt
822 4087 850 4140 p.
862 4065 928 4132 568,
941 4065 1022 4140 hujus
1032 4066 1173 4138 piscatmm
1183 4063 1342 4136 descriptio-
