2880 4974
316 409 367 498 to
575 409 616 478 e.
647 411 1118 483 persustrans.

314 541 543 638 magnitudine
556 523 667 610 autem
684 566 733 612 xv
746 541 945 614 cubitorum.
970 548 1011 612 In
1030 544 1148 616 eodem
1173 568 1243 614 esse
1262 547 1380 616 Statius

314 717 504 759 enumerantur
518 721 526 756 :
545 724 594 758 nos
613 709 723 758 coriaria
737 708 827 777 appel·
870 707 1001 779 pellatioa
1014 709 1256 780 veteriOxyrincho
1265 708 1378 762 deducta

314 787 416 847 lamus,
430 803 488 855 que
499 804 533 837 ex
542 786 668 838 sturionis
677 787 759 838 salitis
770 787 827 840 ovis
871 789 920 851 sit,
932 807 991 859 quas
1010 787 1140 840 dictiones
1153 799 1209 840 toto
1224 789 1288 840 calo
1305 801 1380 840 astu-

314 865 500 919 conficiuntur.
516 864 548 916 In
562 865 649 916 Tanai
664 884 742 916 amne
755 865 827 935 apud
870 867 945 918 rione
966 866 1072 918 distant.
1096 866 1153 918 Hoc
1176 880 1248 918 certe
1273 867 1379 918 minime

240 996 247 1012 ,
314 943 581 1014 TanamEmporium
593 955 693 996 tautam
703 963 759 997 esse
771 956 827 996 stu·
869 943 1182 1017 pretereundum,quod
1197 943 1321 1016 Hispanis
1334 957 1382 997 stu·

313 1023 420 1074 rionum
439 1021 546 1092 copiam
567 1021 703 1076 adnotavit
722 1023 827 1085 Jorius,
870 1025 926 1088 rio,
938 1043 992 1075 uon
1004 1023 1082 1079 unice
1100 1027 1222 1088 esturiou,
1241 1023 1286 1076 sed
1306 1029 1380 1076 etiam

315 1114 345 1154 ut
358 1114 452 1172 preter
465 1104 588 1162 coriaria,
599 1102 676 1154 etiam
690 1105 767 1174 (quae
781 1121 828 1153 no·
871 1121 918 1173 per
934 1102 1117 1174 synonymiam
1144 1101 1241 1154 dicitur
1264 1107 1340 1164 sollo,
1358 1115 1382 1154 et

315 1180 381 1234 sitio
398 1180 531 1248 vocabulo
545 1179 680 1250 dicimus)
702 1184 826 1232 schiualia
870 1186 949 1247 sulio,
969 1199 1027 1252 quae
1044 1182 1177 1252 uocabula
1202 1181 1346 1234 certissime
1366 1201 1387 1236 a,

315 1259 545 1314 conficiantunex
554 1277 660 1312 summo
669 1279 764 1330 nempe
772 1272 828 1312 stu·
871 1260 1025 1312 Latinorum
1043 1261 1120 1312 suillo
1139 1259 1269 1325 deducta,
1281 1260 1380 1320 Plinio,

314 1341 397 1392 rionis
413 1339 510 1412 spinuli
522 1339 619 1402 dorso,
633 1341 688 1402 sale
700 1341 828 1411 fumoque
871 1350 950 1408 atque
975 1337 1080 1390 Isidoro
1109 1338 1286 1410 respondent,
1312 1338 1382 1403 ,trude

314 1421 467 1474 inveterata.
480 1419 726 1488 Fortasserequiret
736 1419 828 1479 lector,
872 1422 935 1468 sulio
959 1417 1152 1488 Hispanorum,
1170 1423 1315 1487 percellerat
1335 1435 1381 1470 no·

315 1499 387 1552 unde
412 1497 487 1560 siluri
511 1515 608 1548 nomen
635 1496 662 1548 iu
683 1497 827 1548 sturionem
871 1496 1001 1559 stratium,
1016 1499 1127 1567 porculo
1139 1498 1255 1560 marino,
1266 1498 1381 1568 itemque

315 1577 452 1632 abierint
465 1576 597 1628 Michaele
606 1575 688 1630 Silvio
705 1575 828 1628 Lusitani
873 1575 955 1630 siluro
965 1577 1065 1646 optime
1075 1577 1225 1629 conveniat.
1236 1577 1382 1629 haaron-

315 1657 386 1728 regis
409 1656 444 1709 ad
467 1655 633 1708 Clementem
656 1655 712 1706 Vll
744 1656 828 1726 legato
871 1654 998 1725 indigitat
1012 1667 1083 1707 certe
1096 1657 1190 1708 Noster
1208 1656 1235 1707 h.
1251 1656 1268 1706 l.
1283 1659 1380 1707 silanum

315 1737 464 1790 felicissime
485 1735 627 1786 inventum
647 1733 830 1805 opinaturJo·
870 1737 968 1802 glanim
991 1735 1069 1786 Linn.
1088 1735 1160 1804 vulg.
1175 1737 1258 1796 wells,
1289 1735 1336 1806 qui
1355 1735 1381 1785 iu

315 1813 661 1881 vius,ntAsturionesdieti
672 1814 828 1884 siut,quom
872 1812 967 1865 Rheno
980 1825 1007 1865 et
1019 1814 1109 1866 hloano
1123 1814 1246 1866 amnibus
1260 1812 1344 1884 degit,
1357 1825 1381 1864 et

314 1896 395 1966 longe
413 1894 508 1967 optimi
528 1893 648 1946 omnium
663 1893 829 1946 consessione
873 1893 1023 1945 simillimus
1046 1906 1084 1946 est
1106 1893 1144 1945 illi
1161 1911 1241 1964 quem
1256 1910 1379 1946 vocamus

315 1975 343 2028 in
355 1976 460 2028 Asturia
473 1973 648 2026 inveniantur.
662 1974 766 2024 Verum
779 1971 831 2023 hu·
873 1975 1017 2036 marsouin,
1039 1991 1121 2043 germ.
1143 1991 1211 2038 mser
1228 1975 1347 2036 saltuem,
1365 1990 1378 2022 a

314 2053 432 2128 jusmodi
452 2053 532 2123 gratis
550 2055 723 2116 asseruntur,
744 2069 829 2120 quum
873 2051 984 2104 vocibus
1002 2051 1156 2103 Teutouiois
1179 2071 1261 2112 mear,
1290 2057 1378 2116 mare,

316 2133 429 2186 Asturius
439 2131 580 2202 provincie
591 2147 689 2180 nomeu
700 2129 830 2200 antiquis·
873 2135 995 2191 selamin,
1006 2149 1059 2184 sus.
1074 2133 1193 2185 eunus.
1207 2162 1243 2172 --
1257 2135 1382 2200 Praecipua

316 2211 411 2264 simum
422 2211 469 2276 sit,
479 2208 552 2261 unde
563 2209 638 2278 equis
646 2211 828 2260 Asturconum
873 2216 1028 2281 magnitudo.
1038 2213 1165 2285 Suspicor
1177 2213 1226 2284 leg.
1235 2233 1274 2281 pr.
1289 2218 1383 2282 magni-

316 2290 459 2361 appellatio
480 2287 611 2352 deducta,
631 2286 747 2358 ideoque
766 2288 830 2339 siet
874 2297 975 2344 tudine:
995 2293 1073 2346 codd.
1082 2305 1182 2355 tamen,
1195 2304 1221 2345 et
1238 2292 1384 2362 bibliopolis

316 2359 739 2442 piscibus,hiAsruriones'porius,
748 2384 829 2436 quam
874 2375 965 2426 omnes
977 2374 1076 2426 habent
1085 2393 1128 2440 pr.
1140 2375 1294 2440 magnitudo.
1309 2375 1383 2424 llnzz.

316 2453 433 2502 sturiones
445 2447 555 2504 luissent
569 2446 686 2500 vocitati.
703 2446 829 2498 Italicum
874 2479 908 2492 -
928 2454 1007 2503 Nullis
1029 2454 1128 2504 ossibus.
1154 2449 1208 2504 Sed
1235 2451 1385 2521 cartilagine

316 2525 830 2584 verosturionisnomenferreissaaculis
875 2542 985 2584 rantum,
1002 2531 1101 2582 Dino.
1124 2529 1259 2582 ..solini
1280 2529 1385 2601 quidem

316 2627 366 2679 per
378 2607 553 2660 harbarorum
575 2603 739 2658 incursiones
761 2603 832 2658 dela·
875 2609 1060 2681 paraphrasis,
1079 2609 1164 2680 eapite
1180 2628 1239 2676 xv,
1253 2625 1315 2679 pag.
1334 2607 1384 2660 33:

317 2698 374 2740 tum
387 2697 477 2758 aperte
498 2695 612 2745 constat,
628 2701 711 2754 quum
734 2702 749 2734 a
768 2682 832 2737 Gor·
877 2689 972 2755 «Apud
991 2688 1093 2740 Neurus
1113 2688 1231 2740 nascitur
1244 2686 1386 2760 Borysthe-

317 2766 401 2824 manis
420 2764 523 2828 dicatur
543 2771 609 2825 stis'r,
631 2761 702 2814 unde
726 2773 831 2816 rectum
875 2785 923 2818 nes
939 2766 1053 2831 flumen,
1075 2765 1102 2817 in
1119 2781 1172 2835 quo
1186 2766 1270 2835 pisces
1291 2764 1385 2838 egregii

315 2847 457 2900 Etruscum
474 2843 600 2914 processit
614 2845 742 2906 sturione,
765 2844 832 2894 Lau·
876 2846 991 2916 saporis,
1008 2857 1033 2896 et
1046 2845 1142 2915 quibus
1155 2863 1213 2896 ossa
1228 2844 1300 2897 nulla
1314 2853 1384 2902 sunt,

316 2923 491 2997 gohardicum
510 2925 626 2974 sturione.
650 2921 734 2974 Gallis
757 2936 829 2972 esturh
875 2943 925 2976 nec
946 2923 1019 2976 aliud
1038 2923 1293 2994 quamcartilagines
1305 2937 1386 2975 tener·

315 3023 394 3071 geon,
412 3001 536 3072 Hispanis
557 3004 671 3052 asturica.
691 2999 831 3050 Gothicam
876 3003 981 3054 rimae.»
994 3003 1021 3052 Is
1036 3013 1075 3054 est
1084 3001 1151 3054 huso
1162 3021 1242 3072 quem
1255 3001 1338 3054 modo
1353 3000 1386 3052 di·

316 3083 438 3154 profecto
465 3078 592 3134 sturionis
623 3077 831 3148 appellationem
875 3079 1067 3132 ximus‘Piscis
1088 3099 1187 3132 nomen
1207 3101 1262 3133 nou
1284 3079 1386 3134 addidit

316 3162 423 3232 agnovit
436 3159 523 3212 Julius
537 3158 624 3211 Caesar
641 3156 767 3226 Scaliger,
786 3157 831 3211 cui
875 3159 928 3212 hoc
948 3160 1009 3211 loco
1026 3159 1141 3225 Plinius,
1155 3179 1206 3212 nec
1226 3161 1386 3232 Pomponius

317 3256 520 3293 assensumcum
530 3234 710 3296 Aldrovando,
718 3235 831 3306 aliisque
875 3238 961 3299 Mela,
971 3239 1015 3290 lib.
1027 3239 1134 3310 lI,oap.
1147 3257 1170 3300 r,
1179 3259 1239 3310 pag.
1255 3244 1288 3291 26
1304 3239 1386 3292 :mtit

317 3319 430 3391 praebeo.
446 3315 574 3370 Convenit
588 3325 613 3366 et
628 3315 644 3366 J
646 3326 773 3366 onstonus
785 3315 830 3372 ubi
875 3318 1067 3389 Borysthenes,
1080 3318 1182 3389 inquit,
1196 3309 1329 3372 latissima
1345 3338 1387 3389 pa·

302 3402 307 3412 “
318 3397 437 3468 scripsit,
448 3396 492 3446 lib.
511 3393 553 3460 ΙΙ,
569 3411 600 3464 7:
616 3393 730 3453 «Piscis,
749 3412 830 3464 quem
874 3397 952 3460 bula,
964 3415 1127 3470 magnosque
1138 3397 1239 3469 pisces,
1252 3400 1350 3468 quibus
1363 3409 1387 3449 et

317 3497 366 3532 nos
383 3475 491 3548 gothico
515 3473 646 3528 vocabulo
666 3471 830 3538 sturionem,
873 3477 988 3547 optimus
1003 3495 1091 3547 sapor,
1102 3489 1128 3528 et
1141 3477 1213 3528 nulla
1228 3495 1287 3529 ossa
1298 3491 1386 3530 gunt.»

317 3557 523 3630 quasistnpioru
532 3551 698 3624 quodprorm
709 3563 830 3604 rostratae
874 3556 965 3619 Quare
978 3574 1027 3607 nec
1041 3553 1108 3607 illud
1125 3555 1203 3607 Plinii
1215 3558 1387 3628 transcriptor

317 3636 433 3710 speciem
447 3645 532 3705 gerat,
544 3632 687 3684 dicimus.»
704 3630 830 3684 Ultimum
874 3633 980 3686 Solinus
998 3634 1131 3703 expressit.
1146 3637 1271 3686 Tametra
1288 3635 1387 3706 glutino

317 3714 507 3788 etymologiam
536 3721 642 3764 tueatur
667 3711 829 3773 Jooatonus,
876 3713 947 3783 quod
960 3714 1068 3783 praebet,
1077 3713 1254 3784 ichthyocolla
1267 3719 1385 3766 nomina·

317 3794 492 3862 ostendatque
509 3789 651 3854 rationem,
670 3807 724 3860 qua
745 3788 829 3842 Gothi
873 3802 933 3855 tur,
946 3793 1016 3844 libro
1028 3793 1149 3852 XXXII,
1172 3812 1230 3864 cap.
1247 3799 1288 3856 ai.
1300 3795 1386 3846 Hsan.

317 3871 542 3936 nomenaGraecis
550 3869 709 3941 acceperint,
720 3868 828 3940 quando
872 3900 908 3910 -
926 3875 958 3920 Et
977 3873 1002 3923 in
1017 3875 1168 3936 Borysthene
1178 3909 1238 3924 .....
1255 3872 1384 3940 praedulci.

316 3966 389 4008 tanta
397 3953 471 4008 adest
479 3949 672 4021 discrepantia,
691 3961 720 4002 ut
734 3965 828 4002 uosca·
872 3947 935 4002 Nou
954 3949 1009 4018 jam
1033 3948 1067 4004 de
1092 3950 1190 4016 siluro,
1209 3950 1255 4003 sed
1280 3951 1315 4006 de
1335 3967 1385 4002 una

316 4053 375 4086 inus
393 4034 415 4088 si
432 4031 597 4088 novitiorum
612 4031 770 4086 Graeoorum
779 4045 826 4096 ap·
873 4045 888 4078 e
901 4028 1036 4096 speciebus
1047 4029 1148 4099 maguis
1161 4031 1385 4100 sutrinamque
