2880 4974
493 393 645 462 nisan
670 395 737 464 1x.
1093 400 1139 484 [μ

68 541 139 594 tens
147 522 187 610 ¹⁰,
197 547 315 592 morsu
328 523 505 592 exanimat.
517 523 643 594 Silurus
650 523 1064 622 grassatur¹¹,ubicumque
1077 543 1145 618 est,

70 655 168 699 omne
194 627 318 698 animal
343 643 520 723 appetens.
535 655 638 724 equos
659 645 809 700 natantes
833 657 919 727 saepe
939 633 1143 730 demergens.

69 737 244 830 Praecipue
255 733 278 758 ¹²
301 737 334 803 in
354 737 470 804 Moeno
494 737 683 806 Germania
701 761 803 806 'amne
821 739 955 833 protelis
978 741 1098 827 boum,
1112 755 1146 811 et

68 921 134 973 bno.
149 919 240 990 Hujus
255 917 341 970 ultimi
358 917 497 990 epistolam
512 918 540 970 in
551 935 590 970 at·
634 919 738 992 egregie
749 919 826 972 innui
843 919 944 992 clupea
959 922 1065 992 gulam,
1079 921 1145 976 dum

69 1012 143 1052 ctum
162 997 307 1050 collectam
328 998 409 1067 paulo
426 996 494 1050 inira
514 996 588 1049 exbi·
634 998 700 1052 attili
720 998 808 1051 fauces
825 998 942 1062 invadit;
957 1013 1054 1055 contra
1067 1021 1146 1074 cupe-

69 1078 207 1144 bebimns.
223 1079 305 1129 erz.
330 1106 365 1116 -
384 1079 500 1128 Minimus
513 1077 589 1144 piscis
634 1074 1145 1141 dinemomnibnsdesideriis,necuni-

71 1149 213 1224 appellatae
233 1160 328 1224 clupea.
354 1155 405 1207 Hic
430 1169 588 1222 petmmyson
634 1173 665 1207 ce
678 1153 712 1207 ad
725 1156 799 1208 cibos
807 1157 998 1228 spectantibus,
1008 1159 1144 1212 inservire.

73 1233 589 1306 branchialisI‚.vulg.1amprillon,pisci·
634 1235 779 1287 ttszzosrc.

71 1315 152 1367 culus
170 1313 290 1366 minutus
312 1312 396 1364 smmi
412 1313 521 1373 similis,
542 1312 588 1384 qui
673 1331 713 1366 ιι.
731 1317 823 1365 Silurus
837 1330 983 1382 grassatur,
1004 1317 1146 1384 ubicumque

72 1407 237 1446 caeterorum
257 1391 390 1445 branchiis
412 1391 527 1444 adheret
544 1411 588 1444 ex·
634 1403 743 1458 est,etc.
760 1393 838 1465 Lege,
852 1397 944 1445 Silanae
956 1399 1145 1463 perscrutabi-

70 1478 198 1544 sugitque
218 1472 384 1543 sangninem.
399 1470 477 1523 *Idem
491 1490 590 1526 nomen
634 1491 739 1539 cumque
759 1487 809 1532 est,
826 1492 898 1524 omne
909 1477 1007 1524 animal
1013 1488 1143 1543 appetens,

69 1565 170 1604 nostrae
192 1556 264 1602 close
281 1554 392 1619 (clupeoe
406 1555 485 1602 closae
502 1553 544 1619 L.)
564 1563 590 1604 et
635 1569 710 1617 equor
728 1554 870 1602 innatantes
880 1556 1039 1620 demergens,
1055 1555 1145 1620 praci-

62 1631 148 1699 Jer'nte
161 1631 282 1701 (objicere
294 1632 407 1701 Lucep.)
416 1628 508 1682 datum
519 1630 590 1683 infra
630 1649 681 1698 pus
690 1633 716 1680 in
724 1635 807 1680 Moenc
821 1634 961 1682 Germanice
970 1651 1052 1684 amne.
1065 1637 1146 1683 Prote-

69 1708 186 1761 videbis.
200 1710 319 1762 Cunna,
635 1712 664 1760 Iis
678 1712 748 1760 boum
763 1713 788 1760 in
803 1713 918 1761 Danubio
930 1714 1076 1771 extrahitur,
1084 1729 1145 1777 por·

110 1807 152 1842 to.
164 1792 284 1856 Cupidine
294 1805 421 1857 appetens.
435 1788 491 1841 Nos
500 1789 590 1842 scribi·
634 1791 689 1839 cato
706 1791 802 1839 marino
819 1791 963 1842 simillimus.
981 1790 1069 1843 Saura.
1084 1807 1144 1860 pag.

70 1887 133 1922 mua
166 1871 294 1936 capedine.
324 1868 475 1922 Genninam
496 1887 589 1922 vocem
638 1867 705 1930 1314
721 1879 746 1919 et
762 1868 837 1919 1318.
857 1868 964 1921 -Hoc
983 1869 1043 1922 loco
1060 1868 1146 1920 nomi·

71 1968 106 2001 ex
119 1947 233 2019 geminis
254 1949 436 2002 Ambrosianis
453 1947 589 2003 codicibus
633 1946 719 1998 nasim
741 1959 911 1998 recensentur
935 1947 1021 2018 pisces
1044 1947 1146 2018 magni·

71 2027 137 2080 dum
158 2026 247 2078 Plinio
264 2027 439 2089 restituimus,
453 2045 525 2090 eam,
540 2047 589 2082 ceu
634 2024 729 2078 tudine
740 2025 869 2096 insignes,
893 2043 946 2078 non
965 2025 1062 2078 marini
1077 2043 1084 2078 :
1099 2025 1145 2079 sed

72 2105 243 2179 postliminio
252 2143 259 2166 ,
268 2106 296 2157 in
309 2107 415 2159 Latium
425 2125 588 2160 revocamus.
633 2103 775 2157 fluviorum
784 2145 791 2170 ,
800 2105 853 2158 Nili
865 2146 872 2170 ,
885 2105 987 2170 Rheni,
998 2104 1079 2171 Padi,
1094 2106 1146 2158 Da-

72 2187 116 2238 Ex
137 2185 272 2238 Salmasio
294 2189 350 2256 jam
378 2186 532 2240 adnotatum
559 2188 587 2240 iu
633 2183 728 2246 nubii,
750 2182 940 2257 Borysthenis,
963 2183 1070 2255 Gangis.
1092 2184 1168 2236 llo*

72 2263 199 2331 Calepini
212 2262 417 2328 additamentis,
435 2265 509 2336 quod
523 2267 590 2318 anti·
633 2280 700 2314 rum*
709 2262 798 2316 medio
809 2265 930 2335 catalogo
943 2283 997 2316 non
1012 2263 1074 2316 satis
1086 2275 1147 2334 epte

71 2344 134 2414 quis
149 2342 334 2414 cuppedia,et
349 2344 473 2416 cuppedo
483 2365 533 2416 pro
545 2367 587 2396 cu·
634 2341 758 2394 inseritur
786 2344 904 2396 marinus
930 2341 1040 2414 quidam
1068 2341 1146 2413 piscis

67 2426 179 2492 piditas.
201 2421 265 2475 Vid.
284 2423 400 2476 Pacciol.
416 2423 443 2476 in
459 2443 524 2476 voce
542 2429 588 2476 Cn-

66 2508 160 2572 pedia.
184 2503 254 2554 Hinc
272 2523 360 2572 cuppas
370 2505 533 2572 fastidiosus,
547 2509 591 2572 qui

69 2585 214 2652 exquisitos
228 2597 321 2634 tannem
340 2588 406 2635 cibos
428 2587 530 2651 quoerr't,
544 2605 591 2636 nec

70 2683 228 2715 communem
244 2667 315 2714 tabes
333 2668 422 2731 gulam
443 2663 540 2734 legitur
562 2665 589 2715 in

70 2744 163 2812 glossa
182 2741 286 2796 Isidori.
305 2743 411 2796 Rectius
434 2763 506 2810 cuper
527 2761 589 2796 curu

70 2822 184 2882 Plauto,
199 2822 276 2874 Trin.
293 2825 324 2887 1,
338 2824 383 2886 13,
396 2823 588 2893 appellabitur:

634 2419 823 2474 innominatus.
838 2421 977 2494 Sequenda
999 2420 1080 2491 igitur
1098 2438 1145 2472 au·

633 2499 767 2572 tiquorum
777 2500 900 2554 codicum
912 2499 1007 2564 lectio,
1022 2511 1051 2552 nt
1068 2511 1145 2571 post,

634 2582 758 2642 Lisboum,
769 2599 845 2632 norm
854 2580 982 2632 orationis
994 2579 1098 2630 initium
1108 2579 1147 2631 la·

634 2661 742 2712 ciamus.
752 2665 786 2711 tn
803 2663 827 2710 in
843 2663 956 2711 Danubio
969 2663 1047 2710 anano
1058 2674 1146 2711 extra·

634 2741 707 2798 bitur,
721 2743 823 2806 porculo
840 2743 937 2790 marina
956 2741 1098 2790 simillimus.
1119 2739 1146 2789 Is

635 2818 718 2889 volgo
727 2817 854 2870 Italorum
864 2817 943 2870 etiarn
957 2835 1029 2870 nunc
1042 2816 1146 2869 semila-

70 2916 154 2972 atque
165 2901 228 2954 item
242 2906 344 2969 capedo.
362 2901 443 2954 Plinii
463 2902 536 2955 locus
549 2919 590 2955 te·
634 2897 691 2950 tino
711 2895 818 2948 nomine
840 2901 911 2947 Horo
933 2895 1090 2968 appellatur,
1110 2895 1146 2948 ob

70 2980 182 3032 stitutus
195 2979 357 3033 dubietatem
371 2981 466 3049 poterit
477 2981 590 3045 anferre,
635 2976 792 3029 salsamenta
805 2974 857 3028 illis
871 2987 967 3038 notus,
982 2986 1059 3046 gustu
1069 2991 1145 3045 aspe-

70 3060 151 3111 utin
172 3060 303 3112 Cicerone
323 3060 423 3130 pariter
446 3059 589 3131 legendnm
633 3068 732 3126 ctuquc
750 3053 888 3125 porcinam
907 3053 1010 3106 salitam
1023 3052 1147 3106 nonnihil

1 3183 2 3196 ,
70 3139 401 3204 statuamus,'l'uscul.IV,
412 3157 441 3192 ιι
455 3159 461 3190 :
474 3141 588 3205 mantin,
632 3133 791 3186 referentia:
806 3131 946 3186 Germanis
957 3138 1033 3184 Husto
1048 3131 1145 3196 dictus,

1 3225 2 3274 i
70 3220 201 3269 ambitio...
222 3220 379 3279 temulentia,
399 3222 500 3285 capedo.
515 3217 588 3271 Alias
632 3207 1144 3283 quati&SicutMart'oa'rr'ot'lttMflplth·

71 3314 87 3346 a
102 3296 196 3348 multis
209 3295 398 3363 dubitabatur,
408 3309 497 3349 utrum
509 3315 588 3368 cupe-
634 3291 743 3344 Gaura.

71 3373 122 3437 do,
142 3394 179 3428 an
203 3375 314 3447 cupedia
339 3375 456 3448 optanda
477 3377 588 3430 veniret.
671 3389 711 3422 ra.
724 3374 847 3438 Praecipua
855 3373 881 3421 in
891 3375 983 3423 Mesua.
994 3369 1073 3422 Plinii
1084 3381 1147 3421 tem·

70 3452 204 3524 Suspicor
213 3455 239 3506 in
250 3474 329 3526 prosa
343 3457 465 3508 oratione
479 3454 588 3523 cupedi·
632 3468 697 3521 pore
706 3450 795 3502 nullus
812 3449 861 3502 luit
878 3449 907 3500 in
921 3448 1063 3502 Germania
1081 3449 1145 3500 Μω-

69 3549 135 3584 nem
152 3533 275 3586 aLatinis
287 3546 438 3606 receptam3
454 3535 481 3586 in
495 3533 589 3586 earmi-
632 3549 682 3582 uus
695 3529 810 3584 fluvius:
821 3529 859 3583 sic
871 3530 1010 3600 posteritas
1022 3548 1083 3581 eum
1099 3547 1146 3582 vo-

1 3619 2 3640 ³
68 3609 156 3663 nibus
169 3613 245 3664 metri
252 3615 335 3683 gratia
349 3613 496 3684 geminasse
509 3613 588 3666 etiarn
632 3609 716 3675 cavit,
726 3627 805 3680 quem
827 3608 873 3661 teli
894 3609 1004 3662 nornine
1019 3607 1146 3662 seculum

67 3708 95 3754 p.
117 3689 188 3742 Hinc
200 3693 353 3756 Lucretius,
373 3693 418 3746 lib.
430 3693 465 3756 V,
476 3712 513 3746 vs.
537 3691 588 3754 45:
633 3701 753 3740 nostrum
773 3689 900 3759 agnoscit.
922 3689 1090 3760 Quapropter
1109 3687 1146 3738 le·

70 3767 211 3832 «Quantas
239 3771 420 3824 conscindunt
452 3771 589 3822 bominem
634 3765 749 3836 gendum
763 3766 848 3820 Rond.
865 3779 938 3838 putat
954 3787 960 3820 :
977 3771 1100 3836 praecipue
1120 3769 1146 3815 r'a

72 3848 230 3918 cuppedinis
246 3869 320 3903 acres
335 3851 421 3904 Curae.
432 3874 443 3896 ι
461 3849 541 3915 Quod
555 3849 590 3902 ad
634 3850 727 3898 theno.
744 3847 776 3899 ln
789 3847 888 3900 Hermo
899 3860 925 3900 et
934 3846 1070 3900 Maaudro
1083 3845 1145 3897 silu-

72 3939 136 3974 rem
155 3938 268 3981 nostram
283 3929 387 3998 optime
395 3928 511 3994 inservit,
522 3927 590 3980 illud
633 3944 677 3978 ros
690 3936 754 3978 'esse
772 3926 918 3979 Pausanias
935 3927 963 3976 in
977 3925 1143 3989 Messenicis,

73 4017 144 4055 saue
161 4018 198 4058 est
216 4027 261 4080 per
284 4007 424 4081 cupedinis
446 4007 588 4062 dictionem
635 4017 728 4059 auctor
746 4017 792 4060 est.
813 4007 913 4061 Danau.
928 4034 963 4045 -
978 4008 1144 4073 Praecipitem
