2880 4974
521 379 682 448 ciana
710 379 781 462 ix.
1141 403 1186 476 ¹9

18 523 19 528 ’
113 519 195 587 data.
211 516 436 606 Quocumque
452 509 517 578 diei
530 523 682 604 tompore
695 505 921 578 inclamatusa
935 531 1059 602 puero,
1070 533 1186 603 quam·
1206 537 1222 590 3

113 627 159 694 vis
175 620 328 693 occultus
346 633 445 712 atque
460 615 609 703 abditus,
630 616 757 684 eximo
783 611 962 684 advolabat
980 640 988 683 :
1009 629 1188 712 pastusque

18 755 19 774 ³
114 756 130 798 e
145 755 247 799 manu
260 725 619 824 praebebatascensuro
634 721 788 810 dorsum,
809 721 918 816 pinnae
932 707 1083 792 aculeos⁵
1096 723 1189 792 velut

113 839 230 931 vagina
241 833 403 904 condens:
417 843 654 924 receptumque
666 827 822 896 Puteolos
831 853 892 922 per
901 851 1059 922 magnum
1075 855 1189 925 aequor

18 965 19 976 ¹
114 945 146 1010 in
163 942 281 1011 ludum
301 939 450 1036 ferebat,
469 933 567 1006 simili
586 933 687 1004 modo
712 934 875 1004 revehens
894 931 1045 1028 pluribus
1067 938 1187 1006 annis:
1275 979 1278 1004 l

113 1049 216 1118 donec
226 1047 347 1116 morbo
355 1046 518 1114 exstincto
527 1067 649 1138 puero,
662 1040 801 1110 subinde
813 1040 857 1110 ad
869 1055 1067 1110 consuetum
1077 1041 1189 1112 locum

113 1157 294 1240 ventitans,
318 1153 420 1222 tristis
440 1164 474 1219 et
492 1149 648 1236 moerenti
670 1145 799 1234 similis,
820 1148 891 1242 ipse
912 1171 1045 1242 quoque
1064 1137 1078 1238 (
1098 1151 1190 1244 quod

18 1271 19 1282 ²
114 1287 208 1330 nemo
229 1245 419 1344 dubitaret)
438 1255 601 1324 desiderio
620 1255 809 1346 exspiravit.

163 1367 256 1438 Alius
270 1349 379 1434 intra⁶
394 1362 457 1431 hos
472 1386 577 1430 annos
592 1361 626 1428 in
641 1358 755 1428 Africo
777 1358 888 1428 littore
902 1351 1067 1455 Hipponis
1085 1361 1187 1436 Diar-
1205 1399 1224 1454 4

115 1477 218 1572 rhyti‚
241 1471 340 1542 simili
359 1469 461 1539 modo
477 1493 518 1536 ex
531 1467 706 1536 hominum
716 1490 818 1534 manu
835 1490 996 1552 vescens,
1018 1467 1188 1561 praebens-

114 1609 174 1677 que
197 1607 232 1650 se
252 1575 486 1674 tractandum,
503 1588 537 1642 et
554 1571 704 1642 alludens
722 1571 931 1659 natantibus,
950 1573 1189 1670 impositosque

114 1678 836 1784 portans,unguentoperunctusaFlaviano
846 1678 1048 1773 proconsule
1057 1680 1189 1770 Africae,

114 1811 146 1865 et
165 1795 292 1889 sopitus
312 1783 325 1878 (
342 1805 380 1859 ut
397 1780 579 1883 apparuit)
602 1787 714 1856 odoris
735 1788 900 1874 novitate,
922 1786 1188 1883 fluctuatusque⁷

115 1901 224 1971 similis
242 1899 402 1983 exanimi,
420 1897 528 1966 caruit
536 1893 711 1963 hominum
725 1893 997 1978 conversatione,
1018 1907 1057 1962 ut
1069 1895 1190 1988 injuria

116 2008 262 2105 fugatus,
284 2029 345 2100 per
362 2001 490 2098 aliquot
506 2025 636 2070 menses
652 2025 659 2068 :
678 2025 757 2070 mor
774 2023 927 2069 reversus
940 1999 975 2068 in
993 1999 1111 2070 codem
1127 2003 1189 2072 mi·

116 2281 168 2322 tum
181 2286 215 2321 ex
225 2264 319 2320 Indice
326 2261 426 2334 operis,
437 2273 494 2314 tum
504 2259 584 2311 ctiam
594 2275 627 2309 ex
671 2250 756 2326 phino
772 2271 828 2306 esse
843 2252 960 2306 multum
975 2251 1042 2306 infra
1056 2265 1188 2320 rostrum,

117 2349 220 2414 solino,
235 2366 296 2419 cap.
310 2361 393 2398 xvir:
415 2341 555 2412 «pigeret,
574 2337 627 2402 ait,
671 2345 751 2405 atque
768 2333 795 2385 in
809 2332 898 2386 medio
913 2351 988 2406 pene
1001 2345 1094 2389 ventre
1110 2355 1117 2388 :
1132 2354 1189 2388 non

117 2425 353 2487 asseverarem,
375 2423 405 2476 ni
425 2417 578 2475 Maecenatis
595 2427 628 2468 'et
671 2411 781 2465 dorsum
796 2411 877 2464 modo
897 2411 1047 2484 repandum
1067 2425 1186 2485 negant:

117 2510 241 2571 fabiani,
269 2507 471 2574 multorumque
498 2509 627 2571 preterea
672 2493 719 2548 sed
729 2507 828 2567 negant
841 2494 922 2547 etiam
935 2495 963 2546 in
972 2493 1189 2563 dorsofistulam‚

18 2639 19 2644 ,
116 2602 176 2643 esset
182 2587 278 2641 litteris
288 2575 629 2656 comprehensum-Utitur
673 2593 756 2646 quam
770 2592 828 2627 esse
841 2574 866 2626 ei
875 2574 904 2626 in
918 2574 1005 2645 capite
1014 2575 1110 2628 volunt
1124 2595 1131 2628 a
1143 2595 1189 2629 ne·

116 2671 191 2722 etiam
203 2665 359 2722 testimonio
373 2663 454 2733 hujus
463 2657 573 2712 Fabiani
584 2657 627 2709 Se·
672 2666 737 2725 gant
745 2653 774 2704 in
781 2653 857 2724 spina
866 2651 937 2705 dorsi
951 2665 1052 2706 exstare
1064 2654 1187 2720 aculeos,

116 2769 190 2814 neca,
205 2750 232 2801 iu
249 2747 319 2800 libro
333 2743 368 2796 dc
387 2738 575 2795 Consolatione
592 2734 626 2789 ad
672 2751 732 2803 quae
745 2745 835 2784 tamen
850 2735 976 2783 cultellata
985 2735 1070 2800 'spina‚
1080 2735 1122 2786 vel
1129 2737 1188 2803 pin.

116 2829 253 2892 Marciam,
267 2838 293 2878 et
307 2822 372 2876 alibi
382 2840 458 2892 saepe.
466 2819 546 2870 Pura.
556 2820 629 2866 -Εε
672 2833 716 2874 na,
734 2810 833 2864 dicitur
851 2810 898 2862 lib.
909 2810 993 2875 VIII,
1003 2817 1060 2882 cap.
1082 2812 1132 2879 38,
1149 2827 1188 2868 at.

115 2910 223 2960 Fabiani.
235 2907 276 2958 Ex
286 2903 397 2964 solino,
410 2917 468 2970 cap.
478 2913 530 2960 ιιι,
544 2913 571 2966 p.
584 2895 626 2956 32,
672 2910 726 2963 que
742 2889 809 2943 adeo
829 2889 941 2960 insignes
956 2904 1034 2943 notas
1053 2889 1187 2962 delphinis

18 3001 19 3048 l
115 2988 149 3041 ita
160 2985 361 3056 rescripsimus,
376 2975 578 3040 cum'Pintiauo,
587 2985 628 3038 ct,
673 2971 803 3035 adimunt,
813 2969 909 3040 quibus
922 2970 1019 3023 summi
1032 2989 1063 3023 ao
1079 2969 1188 3044 diligen.

18 3055 19 3100 l
116 3066 184 3139 quod
203 3065 303 3118 certius
320 3060 409 3113 adhuc
424 3058 503 3127 longe
521 3064 577 3119 est,
597 3069 628 3104 ex
672 3063 711 3105 tes
730 3051 758 3104 in
780 3062 884 3104 nuturae
903 3050 1106 3122 investigatione
1122 3054 1186 3118 viri,

117 3132 628 3219 ipsqudiceoperishujus,quumprius
672 3131 838 3196 Aristotcles,
855 3129 971 3190 Plinius,
982 3130 1186 3202 ceteriquemc-

18 3237 19 3250 ¹
116 3229 225 3279 Flaviani
234 3238 378 3296 perperam
389 3219 538 3288 legeretur:
555 3210 628 3288 quod
672 3210 747 3263 cerni
763 3228 808 3263 cos
821 3208 998 3281 dignoscique
1009 3209 1120 3263 voluere
1133 3231 1140 3264 :
1157 3223 1187 3265 ut

117 3307 193 3378 paulo
206 3323 272 3357 mox
283 3299 425 3353 Flavianus
445 3293 547 3348 scilicet
565 3309 628 3362 pro·
672 3287 1187 3359 nobisinterimdelphinumobtrudant,

116 3387 204 3447 consul
218 3381 316 3436 Africae
326 3377 485 3450 appellatur,
497 3372 552 3424 huc
566 3389 629 3423 eum
672 3388 727 3422 non
737 3370 845 3440 qualem
855 3369 926 3419 Deus
938 3366 1053 3433 creavit,
1063 3368 1109 3420 sed
1120 3389 1186 3441 qua-

117 3483 219 3537 quoque
241 3455 430 3513 advehendum
452 3468 628 3504 amanuenses
672 3447 725 3501 lem
739 3447 823 3500 libido
834 3446 1028 3516 arbitriumque
1036 3446 1121 3500 finxit.
1135 3449 1170 3503 ll.

18 3563 19 3612 Ξ
117 3553 248 3616 pufflt,
262 3540 353 3592 Hm,
709 3531 734 3580 6.
745 3529 899 3578 Aliusintra.
909 3525 1059 3596 Oppianus,
1070 3525 1187 3583 Halieut.

151 3626 175 3678 5.
187 3626 278 3674 Pinna
289 3621 399 3669 aculeos.
410 3613 452 3668 sic
463 3610 549 3683 Apion
558 3605 629 3675 apud
673 3607 719 3658 lib.
731 3606 765 3668 V,
782 3624 853 3658 vers,
875 3605 943 3672 453,
959 3615 986 3657 et
1007 3605 1114 3658 Solinus
1127 3607 1187 3662 loco

118 3703 181 3756 Gell.
196 3701 240 3760 τὰς
263 3697 368 3755 ἀκάνθας
387 3693 541 3763 aspiciatur.
560 3687 630 3741 Con·
673 3685 761 3740 citato.
775 3684 866 3736 Hann.

18 3805 19 3864 p
118 3800 228 3854 coquere
238 3797 305 3834 vero
316 3777 369 3828 hoc
382 3791 438 3825 non
450 3769 629 3842 queuntllon·
711 3761 1188 3836 annonamque.soliniparaphra.

118 3861 236 3920 delemus,
245 3856 400 3926 caeterique,
408 3851 456 3921 qui
466 3848 631 3906 marsuinum
674 3844 728 3898 sis:
750 3844 826 3897 «Pro
848 3842 962 3895 exanimi
980 3841 1116 3913 jactitatus
1138 3847 1188 3899 ali·

18 3907 19 3956 l
119 3941 273 4014 delphinum
296 3953 353 3989 esse
373 3928 547 3984 contendunt.
570 3927 631 3984 Non
676 3921 982 3996 quantisper.»Plinius,
992 3919 1038 3972 lib.
1048 3921 1098 3986 lv,
1108 3943 1131 3976 c,
1143 3945 1187 3980 aa:

120 4039 147 4072 os
158 4019 251 4083 modo,
264 4016 305 4072 uti
315 4011 448 4075 diximus,
460 4018 558 4079 negant
573 4005 631 4060 del·
666 4029 689 4080 Ιι
698 4002 777 4056 Delos
786 4001 834 4057 diu
841 4000 986 4068 fluctuata,
998 4011 1048 4054 etc.
1059 4025 1070 4048 ι
1081 4001 1170 4058 Hiran,

1022 4107 1059 4179 ²2
