2880 4974
283 428 326 498 18
554 383 915 496 c.‘PL11t11NAT.
946 425 1069 493 nisr.

241 595 253 630 1
328 560 424 627 VIII.
443 555 631 652 Delphinus
654 579 722 626 non
739 556 866 624 homini
892 549 1022 624 tantuin
1045 555 1188 625 amicum
1209 561 1351 646 animal,

274 690 392 734 venam
402 678 435 732 et
450 665 585 732 musicas
599 664 677 750 arti,
691 661 856 732 mulcetur
865 661 1070 757 symphoniae
1082 662 1211 752 eantu¹,
1220 680 1254 733 et
1263 691 1349 761 prae-

271 774 371 867 cipue
391 769 545 865 hydrauli
566 767 676 840 souo'.
699 771 879 838 Hominem
898 794 966 837 non
989 771 1193 863 expavescit,
1219 786 1256 840 ut
1270 771 1348 841 alie-

273 905 354 948 num
367 878 519 946 :obviam
528 877 667 971 navigiis
677 877 785 962 venit,
794 875 910 944 alludit
921 875 1089 944 exsultans
1098 928 1107 955 ‚
1116 891 1222 946 certat
1232 880 1349 966 etiam,

241 1032 255 1065 2
275 1000 308 1055 et
316 985 467 1080 quamvis
490 982 589 1078 plena
607 985 755 1077 praeterit
772 985 856 1052 vela.
875 982 965 1050 Divo
986 967 1154 1076 Augusto³
1175 985 1348 1080 principe,

271 1093 457 1162 Lucrinum
478 1089 588 1190 lacum
611 1091 781 1177 invectus,
802 1089 957 1184 pauperis
983 1088 1155 1181 cujusdam
1184 1114 1349 1185 puerum,

272 1226 313 1268 ex
330 1200 453 1268 Baiano
469 1194 626 1266 Puteolos
648 1197 682 1267 in
703 1194 820 1264 ludum
845 1193 1043 1264 litterarium
1064 1196 1221 1282 itantem,
1243 1223 1348 1292 quum

270 1306 454 1401 meridiano
481 1304 664 1372 immorans
690 1300 893 1397 appellatum
919 1326 996 1368 eum
1023 1303 1167 1372 Simonis
1194 1307 1347 1393 nomine,

226 1440 229 1445 ·
271 1414 389 1508 saepius
407 1411 602 1505 fragmentis
617 1410 729 1504 panis,
752 1432 851 1502 quem
873 1407 918 1475 ob
938 1407 972 1475 id
991 1407 1141 1492 ferebat,
1164 1407 1348 1497 allexisset,

269 1521 355 1589 miro
373 1541 488 1587 amore
503 1515 624 1584 dilexit.
644 1516 776 1610 Pigeret
796 1513 938 1598 referre,
958 1515 994 1582 ni
1014 1539 1067 1583 res
1085 1516 1295 1605 Maecenatis,
1314 1533 1349 1588 et

268 1611 444 1730 natitant,
463 1619 716 1706 etFlaviiAlfii,
729 1619 979 1715 multorumque
1006 1636 1092 1690 esset
1113 1620 1230 1692 litteris
1252 1649 1347 1693 man·

267 1827 393 1900 quidam
405 1824 478 1900 quod
496 1820 685 1876 articulationis
699 1839 782 1894 genus
829 1819 872 1876 hic
886 1832 1013 1884 acutum,
1031 1821 1075 1874 ille
1088 1822 1275 1894 gravissimum
1288 1841 1346 1878 me-

267 1907 425 1961 facillimum
436 1917 475 1958 est
486 1904 565 1956 etiam
576 1903 695 1974 piscibus
704 1901 782 1954 intel·
826 1903 866 1954 los
884 1899 952 1961 edit,
979 1900 1025 1954 alii
1045 1899 1238 1965 mediuin‚vel
1252 1915 1283 1956 ut
1298 1924 1346 1958 vo·

265 1989 358 2060 ligere.
373 1989 419 2040 Aa.
788 1986 791 1993 '
826 1982 1346 2052 camusnunc,Tenore.Ergononverti-

302 2067 380 2120 VIII.
406 2084 429 2118 1.
451 2065 586 2132 Delphinus
614 2080 666 2113 non
691 2063 784 2114 homini
822 2057 1349 2134 *muscumdoctoGutmonnra«lasym-

267 2162 377 2206 tantnm,
399 2155 450 2197 etc.
471 2143 566 2213 Lege:
586 2143 782 2210 Delphinusnon
825 2139 926 2210 phonie
936 2137 973 2190 lui
983 2139 1050 2210 plait
1059 2139 1294 2212 beaucoup»‚sive
1301 2143 1347 2196 hic

267 2229 371 2280 hominis
383 2239 477 2275 tannim
490 2223 596 2274 amicum
610 2223 718 2280 animal,
735 2239 782 2272 ve·
826 2220 1033 2272 Instrumentum
1057 2221 1189 2273 musIcurn
1207 2220 1236 2274 h.
1255 2221 1274 2274 l.
1293 2240 1346 2274 no-

265 2327 319 2359 rum
333 2325 367 2358 ea:
383 2294 475 2354 musica
495 2314 548 2351 arte
562 2304 696 2359 mulcetur,
719 2317 783 2364 sym·
826 2297 978 2362 minaverit,
990 2299 1082 2353 sivesh
1097 2303 1239 2368 srmphonie
1255 2303 1346 2372 ὁμώνυ-

260 2389 362 2457 phoniae
373 2397 463 2445 paratu,
483 2377 665 2434 etesiarum.
681 2396 708 2449 p.
723 2378 782 2431 185.
826 2397 869 2448 μον
888 2376 1034 2432 crediderit
1048 2379 1124 2432 latini
1142 2380 1217 2434 verbi
1240 2401 1347 2434 concen-

269 2499 296 2508 -
319 2464 483 2532 Symphoniae.
498 2458 605 2512 Solinus
623 2458 674 2510 loc.
694 2457 742 2509 cit.
757 2469 783 2510 et
826 2469 881 2518 tus‚·
891 2455 938 2510 sed
952 2457 1004 2510 «ils
1014 2457 1115 2512 aiment
1125 2459 1253 2514 entendre
1263 2460 1346 2514 chan-

264 2547 403 2606 setianus,
416 2541 484 2594 llist.
494 2538 584 2592 Anim.
600 2537 647 2590 lib.
666 2539 708 2600 tt,
721 2556 743 2590 c.
754 2540 781 2591 6.
824 2548 867 2590 ter
882 2556 915 2589 en
925 2537 1035 2607 parties.
1046 2563 1058 2583 a
1072 2539 1118 2591 Ar.

265 2622 432 2701 symphonia
444 2638 528 2693 porro
539 2618 673 2671 musicum
683 2618 735 2670 hoc
745 2617 783 2669 lo-
861 2636 886 2668 a.
908 2619 1034 2678 Hydrauli
1061 2637 1131 2670 sono.
1157 2617 1345 2691 Hydraulum,

266 2727 299 2761 co
315 2707 522 2764 instrumentum
539 2709 595 2751 est:
614 2696 687 2750 unde
707 2715 781 2770 sym·
826 2695 926 2750 Graecis
945 2694 1059 2768 ὕδραυλις
1072 2708 1098 2750 et
1112 2697 1257 2770 ὑδραυλικὸν
1272 2702 1347 2775 ὄργα-

246 2784 395 2861 -phoniaci
412 2780 481 2836 servi
500 2779 529 2831 in
543 2777 715 2831 Divinatione
736 2777 781 2832 ci·
825 2794 880 2840 νον,
909 2777 1042 2830 musicum
1067 2777 1277 2832 instrumentum
1306 2796 1346 2836 est

267 2864 373 2920 caronis
393 2863 420 2914 in
435 2862 564 2920 Verrem,
587 2876 661 2910 num.
679 2858 723 2923 51,
736 2857 783 2928 qni
825 2855 887 2907 haic
905 2855 1007 2920 simite,
1022 2855 1097 2925 quod
1117 2858 1197 2929 vulgo
1217 2877 1345 2916 vocamus

267 2943 387 2998 tibicines
405 2935 439 2992 sib
457 2937 572 2991 Asconio
590 2935 710 2989 Pediano
727 2955 782 2989 esse
825 2941 931 3004 orgraes,
952 2935 982 2988 id
1002 2948 1057 2998 est,
1079 2955 1230 3009 organum:
1255 2942 1344 2996 sedin

268 3022 461 3081 existimantur,
473 3018 501 3070 in
515 3035 575 3069 eum
589 3015 728 3085 locum‚p.
739 3014 781 3068 56.
824 3015 895 3079 hoc,
915 3026 995 3066 vento
1020 3013 1055 3068 ad
1082 3015 1345 3076 inflandoscanales

267 3099 432 3177 symphonia
449 3115 513 3152 vero
526 3097 585 3167 ipsa
598 3095 677 3160 tibia,
695 3095 782 3148 classi-
825 3094 964 3167 plumbeos
971 3093 1104 3148 velaereos
1111 3107 1217 3150 tanturn
1227 3100 1343 3154 utimur:
1362 3113 1364 3117 '

268 3202 341 3244 cum,
352 3183 466 3254 lyraque
478 3189 525 3231 est.
533 3175 604 3228 Vide
613 3176 782 3246 Ducangium
825 3175 853 3226 in
860 3172 1025 3241 hydraulicis
1037 3192 1100 3228 vero
1110 3178 1191 3229 etiam
1203 3198 1279 3252 aquae
1290 3201 1346 3234 mo-

268 3265 297 3316 in
314 3258 458 3331 glossario,
471 3256 553 3309 verbo
572 3257 728 3322 symphonia.
746 3254 781 3307 H.
826 3264 856 3304 tu
874 3263 900 3304 et
917 3252 1092 3322 pressionibus
1106 3267 1198 3310 coacta
1207 3259 1298 3312 anima
1309 3262 1343 3313 fi-

269 3342 449 3395 ..Caeterum
475 3355 530 3388 non
551 3334 649 3406 optime
677 3333 785 3386 videtur
826 3332 908 3386 stulas
918 3334 1054 3403 replet‚et
1065 3353 1145 3390 sonos
1157 3337 1236 3390 elicit.
1249 3339 1342 3393 Hiran.

268 3415 557 3485 Harduinuscogitasse
566 3413 600 3470 de
607 3414 783 3466 instrumento
863 3412 887 3466 3.
902 3416 969 3464 Divo·
978 3418 1098 3482 Augiasto.
1113 3417 1227 3469 Narrant
1241 3420 1343 3490 pariter

269 3499 387 3574 quodam
397 3495 505 3548 musico.
520 3495 591 3546 Nam
600 3493 645 3546 vix
654 3509 783 3562 congrue·
796 3499 811 3524 ¹*
826 3493 897 3544 hanc
912 3491 1051 3545 historiam
1069 3493 1192 3562 Solinus,
1206 3515 1267 3568 cap.
1282 3517 1341 3567 xri,

269 3593 309 3635 ret
334 3592 426 3637 cantu,
446 3573 568 3646 quamvis
596 3591 650 3624 non
679 3572 783 3626 nescius
827 3591 887 3644 pag.
903 3571 1098 3639 323AElianus‚
1116 3574 1214 3626 Histor.
1227 3577 1342 3630 Animal.

269 3657 393 3732 equidem
419 3674 478 3708 sum
500 3652 534 3705 de
553 3664 632 3704 cantu
650 3651 713 3720 lyrae
737 3652 783 3704 ali·
826 3651 1006 3722 1ib.vl,cap.
1023 3652 1072 3715 153
1086 3653 1200 3716 Gellius,
1214 3654 1342 3721 lihVII,

270 3737 379 3812 quomo
387 3735 438 3804 agi.
447 3731 501 3787 Sed
514 3743 657 3802 praeterea,
672 3731 715 3784 cui
728 3750 783 3784 non
827 3749 887 3802 cap.
900 3731 927 3794 8,
943 3749 1005 3802 pag.
1025 3733 1087 3796 418,
1098 3751 1131 3785 ex
1141 3733 1252 3804 Apionis
1263 3737 1343 3808 AEgy-

269 3821 355 3890 placet
377 3815 464 3885 magis
492 3810 700 3883 symphoniam,
719 3822 784 3865 ute
827 3811 976 3881 ptiacorum
991 3810 1060 3863 libro
1074 3813 1185 3882 quinto,
1207 3814 1254 3884 qui
1272 3833 1300 3886 se
1312 3815 1341 3868 id

269 3915 356 3970 graeco
368 3906 456 3966 etymo
475 3901 568 3962 patet,
589 3890 661 3943 hune
675 3901 783 3943 cantum
828 3887 923 3941 vidisse
937 3890 1040 3962 scriptis
1050 3902 1157 3944 testatus
1169 3903 1216 3945 est.
1230 3893 1322 3946 Hann.

268 3996 325 4032 esse
347 3992 427 4046 quem
449 3969 559 4044 plurimi
583 3982 780 4041 exsequuntur,
862 3974 887 4030 i.
901 3971 936 4020 Ni
950 3989 989 4020 res
1011 3973 1157 4022 Maecenatis
1180 3986 1205 4030 et
1225 3975 1338 4024 Fabiani.

266 4057 385 4131 partibus
403 4053 516 4124 quisque
533 4052 588 4104 suis
605 4049 689 4102 suncti
698 4086 706 4112 ‚
716 4047 782 4100 dum
827 4047 1003 4101 scribendum
1017 4053 1139 4116 Fabiani,
1149 4068 1204 4104 non
1215 4053 1339 4117 Flaviani,

758 4139 762 4160 i
