2880 4974
265 433 314 520 34
530 429 569 498 C.
598 425 771 497 PLINII
798 426 907 506 ΝΑΤ,
936 429 1066 496 HIST.

262 590 352 638 scere
379 587 387 629 ε
413 575 572 657 praeterea
595 560 720 630 dextra
745 560 854 652 pinnae
877 559 944 630 vim
969 559 1187 653 soporiferam
1213 562 1338 650 inesse,

262 694 462 762 somnosque
484 666 616 736 allicere
632 666 799 736 subditam
816 667 926 760 capiti.
945 657 1130 757 (x1v.)Pil0
1149 672 1337 738 carentium

217 759 223 776 .
263 780 331 848 duo
354 768 490 847 omnino
513 771 634 844 animal
656 774 808 866 pariunt,
827 771 1004 866 delphinus
1022 797 1061 842 ac
1083 762 1239 868 vipera¹⁴.

230 907 242 940 1
316 885 409 952 XVI.
431 882 575 952 Piscium
593 894 670 950 sunt
690 879 815 972 species
833 882 1041 974 septuaginta
1059 880 1238 974 quatu0r¹,
1256 907 1339 976 prae·

263 1005 314 1059 ter
337 989 455 1058 crustis
469 983 634 1071 intecta²,
657 998 826 1078 quaesunt
847 987 990 1078 triginta.
1013 989 1064 1056 De
1097 985 1233 1081 singulis
1256 987 1339 1057 alias

263 1079 440 1168 dicemus³.
459 1094 559 1162 Nunc
577 1093 665 1160 enim
684 1105 810 1158 naturae
827 1105 1013 1162 tractantur
1029 1094 1206 1187 insignium
1216 1080 1240 1158 ¹⁸.

262 1263 369 1318 Scilicet
387 1279 454 1326 ova,
475 1278 529 1314 non
550 1257 706 1333 anguiculos
723 1255 778 1310 edit
822 1256 948 1314 tulerunt.
968 1253 1061 1331 Neque
1081 1261 1135 1314 ulla
1156 1253 1251 1315 Musca
1275 1261 1339 1332 plus

181 1335 187 1346 ’
264 1338 426 1412 vipera,sed
439 1327 543 1390 latentia
554 1337 581 1390 in
593 1348 778 1406 uter0,atque
822 1336 964 1390 habehant.
988 1339 1021 1390 In
1043 1339 1115 1392 hanc
1137 1339 1339 1396 multitudinem

264 1418 405 1472 irrteneras
415 1419 516 1489 viperas
526 1417 601 1488 prius
609 1434 665 1468 sese
674 1426 778 1468 mutan·
822 1416 901 1487 Regia
914 1415 1043 1470 Collectio
1053 1419 1248 1478 excrevitcura
1264 1420 1338 1472 D.V.

265 1499 312 1562 tia,
325 1518 406 1572 quarn
419 1498 488 1550 letus
497 1497 526 1548 in
539 1497 626 1550 lucem
640 1495 778 1566 prodeant.
823 1495 931 1548 Cuvtnn
954 1509 1035 1568 atque
1060 1496 1191 1550 viatorum
1214 1497 1341 1550 humani-

265 1577 355 1648 Ergn,
377 1577 404 1628 ni
427 1595 484 1628 rem
504 1575 677 1628 attentissime
694 1574 779 1628 intro·

266 1657 395 1728 spexeris,
413 1673 530 1708 errorem
550 1655 595 1707 vix
616 1651 776 1714 declinabis,

266 1755 321 1808 quo
333 1733 471 1790 Secundus
484 1734 512 1786 b.
524 1733 540 1784 l.
554 1734 667 1786 laborat.
680 1735 727 1784 Aa.

305 1822 344 1879 14.
358 1820 397 1866 As
409 1818 505 1882 opera.
517 1813 647 1883 viperam
659 1822 779 1864 accenset

267 1893 434 1966 aquatilibus,
444 1892 486 1945 vel
496 1890 569 1963 quod
576 1893 603 1943 in
613 1891 699 1942 littore
709 1890 780 1941 coire

268 1993 328 2026 cum
343 1991 459 2025 murena
474 1971 555 2044 vulgo
569 1971 715 2022 existimata
727 1981 782 2032 est,

268 2053 311 2112 vel
330 2051 403 2124 quod
421 2050 528 2104 vulvam
547 2050 628 2102 habet
649 2047 782 2118 cartilagi-

269 2151 382 2184 neornm
391 2131 505 2202 piscium
517 2128 604 2182 vulvae
615 2128 693 2199 plane
711 2127 782 2180 timi·

270 2201 335 2264 lem.
348 2213 440 2263 Hann.

304 2289 381 2342 XVI.
404 2307 426 2340 1.
443 2289 546 2338 Piscium
561 2300 619 2338 sunt
637 2287 728 2353 species
742 2305 781 2337 se·

264 2371 401 2443 ptuaginta
416 2379 531 2434 quatuor.
544 2365 587 2418 sic
601 2364 660 2416 libri
672 2381 782 2434 prorsus

269 2466 369 2514 omnes.
379 2447 457 2499 Forte
474 2444 623 2516 legendum,
632 2449 742 2505 CXLW,
751 2443 783 2496 si-

270 2527 380 2600 quidem
402 2525 505 2578 Plinius
526 2525 582 2596 ipse
603 2524 708 2577 disertis
727 2543 784 2578 vet·

270 2608 309 2660 bis
332 2617 463 2660 asseverat
480 2604 581 2676 species
597 2603 710 2676 piscium
727 2621 783 2656 esse

272 2690 399 2738 CLXXIV
413 2685 461 2736 lib.
476 2683 600 2746 XXXII,
624 2701 646 2734 c.
661 2681 708 2747 51,
729 2700 783 2752 quo

230 2771 233 2778 '
271 2765 330 2820 loco
350 2763 452 2836 singula
467 2762 626 2814 nominatim
638 2762 784 2832 appellatu-

271 2864 369 2902 ruinae
382 2862 453 2896 nunc
466 2842 616 2914 pollicetur,
631 2841 677 2913 qui
693 2860 784 2894 nurne-

272 2943 318 2975 rus
330 2922 410 2994 plane
420 2922 556 2994 colligitur
571 2941 605 2974 ex
615 2939 690 2974 cantv
706 2921 793 2996 pisci·

273 3004 335 3064 bus,
350 3013 373 3053 et
389 3019 442 3052 xxx
455 3001 606 3052 crustaceis.
616 3000 650 3052 H.
661 3031 695 3040 -
704 3001 784 3054 Plane

270 3082 324 3152 jam
335 3090 411 3132 norat
421 3080 599 3142 Darentiaca,
607 3079 653 3150 qui
663 3091 785 3132 numerat

275 3162 341 3221 8663
368 3177 428 3210 mox
447 3157 487 3208 Cl.
503 3159 536 3210 V.
564 3159 709 3210 Lscdrnrnt
728 3177 784 3214 ase

208 3260 216 3272 ·
273 3237 378 3292 nuntiat
402 3235 464 3308 plus
494 3256 576 3308 quam
600 3237 672 3289 mille
696 3239 785 3292 obser·

274 3329 362 3384 vatos,
377 3316 424 3369 sed
442 3316 497 3368 haec
510 3316 595 3369 multo
610 3315 678 3370 infra
689 3317 785 3376 verita·

274 3411 336 3450 tem.
355 3426 390 3437 -
410 3399 511 3464 Species.
537 3396 568 3446 In
590 3395 785 3467 Gazophylacio

274 3476 351 3546 Regis
366 3476 421 3528 lere
440 3485 502 3528 sunt
522 3477 600 3526 6000.
615 3475 729 3530 Cuma,
750 3508 785 3518 -

822 1586 892 1638 tate,
905 1577 952 1647 qui
964 1577 1048 1644 pisces
1060 1576 1109 1628 sibi
1121 1589 1239 1648 repertos
1251 1579 1278 1630 iu
1287 1577 1340 1630 Su·

823 1666 921 1716 matra,
934 1657 1001 1708 J-ava
1011 1655 1019 1719 ‚'
1031 1655 1226 1720 Kamtchatka,
1240 1648 1341 1710 Nauae·

822 1733 924 1797 laudis,
946 1729 1114 1806 Neoguinea,
1132 1747 1182 1788 etc.
1202 1735 1338 1790 Lutetiam

823 1813 918 1868 misere
926 1854 933 1880 ,
942 1815 1038 1884 partim
1046 1813 1164 1868 Francia
1174 1814 1277 1878 studio,
1289 1814 1340 1868 sed

825 1906 850 1948 et
869 1894 897 1944 in
918 1893 1010 1964 primis
1023 1895 1193 1949 veneratione
1211 1893 1270 1949 viri.
1285 1895 1342 1946 Tot

824 1991 888 2044 opes
901 1976 965 2028 inor
976 1973 1076 2044 publici
1088 1973 1155 2045 juris
1165 1972 1342 2042 quodammo-

825 2052 943 2118 dofient,
951 2069 1034 2124 quum
1042 2051 1244 2125 typismandata
1257 2054 1342 2106 luerit

825 2136 933 2186 Historia
955 2136 1077 2184 staturalis
1090 2135 1195 2200 piscium
1214 2133 1281 2200 (fere
1304 2153 1341 2189 20

825 2213 878 2266 vol.
899 2213 966 2277 iri-8)
985 2231 999 2264 a
1022 2211 1075 2264 CC.
1096 2211 1156 2264 VV.
1185 2210 1292 2268 Cuvuttt
1313 2225 1341 2268 et

826 2285 1044 2338 Vsuscranstna
1064 2287 1109 2336 Aa.

864 2381 887 2415 a.
908 2366 994 2414 Crtntis
1009 2364 1108 2414 intecta.
1128 2361 1194 2428 Qnae
1207 2380 1278 2436 nunc
1289 2381 1342 2418 nos

817 2443 905 2495 unico
927 2441 1053 2510 nomine,
1081 2460 1130 2494 nec
1155 2441 1343 2514 periphraseos

827 2523 939 2593 ambage
949 2534 1089 2592 egestatem
1100 2522 1225 2590 vitantes,
1236 2527 1343 2580 nuncu-

827 2621 923 2674 pamus
936 2605 1065 2652 cntstacds.
1079 2602 1125 2654 Aa.

863 2682 888 2736 3.
899 2684 972 2734 Alias
988 2683 1104 2732 dicemus.
1116 2679 1198 2734 Libro
1211 2681 1340 2750 XXXII,

827 2781 884 2834 cap.
896 2761 937 2814 53.
945 2761 1036 2814 Hirro.

863 2848 888 2902 4.
907 2845 979 2893 Nunc
997 2843 1062 2902 enirn
1084 2855 1179 2892 natum
1201 2855 1345 2896 mactantur

828 2923 970 2989 insigniam,
990 2928 1039 2972 etc.
1057 2920 1119 2989 Cap.
1138 2926 1171 2984 14
1187 2931 1212 2974 et
1230 2920 1261 2972 15
1275 2940 1343 2976 con·

826 2997 980 3072 jungenda:
1000 2997 1072 3070 lege,
1090 2998 1190 3052 «Nunc
1208 3001 1282 3054 enim
1297 3022 1345 3056 ua·

829 3093 893 3132 tura
913 3090 1059 3132 tractantur
1078 3078 1235 3149 insignium,
1249 3083 1345 3152 praeci·

828 3177 882 3230 pua
902 3155 1094 3228 magnitudine.
1109 3158 1257 3230 Thynnum
1269 3160 1346 3218 inve·

828 3238 915 3301 nimus
925 3238 1024 3290 talenta
1036 3236 1192 3308 quindecim
1200 3240 1345 3310 pependis-

828 3335 869 3371 se:
883 3316 1000 3390 ejusdem
1010 3315 1101 3370 canda
1110 3316 1275 3374 latitudinem
1287 3319 1345 3374 duo

829 3396 917 3468 cubita
926 3409 951 3450 et
956 3396 1163 3467 palmumFiunt
1169 3407 1194 3448 et
1201 3397 1228 3450 in
1234 3400 1346 3468 quibus-

830 3475 892 3532 dam
906 3475 1028 3531 amnibus
1042 3475 1114 3530 baud
1131 3475 1256 3530 minores.
1267 3478 1345 3532 silu-

274 3557 336 3607 Hsec
350 3555 464 3608 scientiae
475 3555 593 3622 perutilis
606 3556 697 3606 lutura
706 3555 786 3627 syllo·
828 3575 874 3610 rus
885 3555 912 3608 in
924 3556 999 3620 Nilo,
1008 3573 1070 3608 esox
1086 3555 1113 3608 iu
1123 3555 1233 3622 Rheno,
1250 3558 1345 3613 attilus

184 3647 189 3658 ¹
274 3655 307 3706 ge
320 3654 351 3687 eo
368 3633 509 3706 pretiosior
524 3646 573 3697 est,
586 3633 659 3704 quod
673 3635 785 3687 antehac
828 3635 855 3686 in
862 3634 941 3698 Pado,
948 3633 1041 3687 inertia
1049 3632 1221 3704 pinguescens
1228 3635 1263 3688 ad
1270 3637 1346 3691 mille

273 3713 407 3773 Blochius,
417 3712 512 3764 edente
522 3711 695 3776 Schneidero,
704 3725 785 3784 atque
832 3713 976 3785 aliquando
986 3713 1088 3766 libras·
1098 3713 1185 3769 Sim.
1193 3733 1220 3785 p.
1230 3716 1344 3778 1314.-

273 3809 374 3846 nostras
383 3792 542 3854 Laciadas,
552 3791 596 3843 vix
611 3790 677 3844 1500
686 3793 786 3863 species
831 3795 973 3862 Insigrimn.
994 3793 1055 3844 Non
1074 3793 1127 3844 sola
1146 3793 1346 3864 magnitudine,

273 3871 448 3944 signaverint;
463 3889 512 3923 nec
530 3870 617 3922 miuus
636 3889 716 3941 quam
737 3871 786 3924 du·
830 3885 860 3925 ut
870 3872 1013 3925 Salmasius
1031 3883 1121 3944 putat,
1135 3891 1196 3944 pag.
1215 3873 1295 3940 1314,
1314 3875 1344 3928 in

272 3952 370 4012 centies
391 3963 504 4023 uterque
532 3949 677 4002 revolvitur
697 3951 736 4003 bis
757 3951 785 4004 in
829 3953 912 4010 Solia.
931 3953 979 4004 ubi
994 3952 1052 4006 heac
1062 3954 1182 4006 connecti
1195 3954 1270 4024 jubet
1279 3972 1343 4007 cum

272 4029 349 4084 idem.
364 4028 443 4082 Unde
462 4028 560 4100 species
582 4027 649 4082 1300
670 4029 725 4084 lere
743 4030 784 4083 bis
829 4031 962 4103 prioribus
971 4033 1156 4103 subsequentis
1166 4032 1287 4104 proxime
1299 4052 1345 4086 ca-
