2880 4974
525 378 686 448 LIBER
720 381 789 450 IX.
1147 379 1195 452 23

121 513 275 580 societate
289 511 470 604 piscantur.
489 511 670 580 innumera
681 513 731 582 vis
743 497 927 606 mugilum³
943 525 1029 581 stato
1045 525 1195 607 tempore

121 619 268 713 angustis
286 603 624 711 faucibusstagnilin
635 643 727 688 mare
737 620 898 712 erumpit,
912 618 1088 688 observata
1097 633 1200 689 aestus

120 724 390 820 reciprocatione.
411 723 490 812 Qua
509 723 551 792 de
571 747 670 793 causa
688 725 850 820 praetendi
864 719 933 794 non
952 740 1079 820 queunt
1097 727 1196 815 retia,

120 856 209 925 aeque
231 829 356 911 molem
383 828 539 924 ponderis
566 827 658 898 nullo
687 831 788 901 modo
818 817 1046 918 toleratura⁵,
1068 833 1197 902 etiamsi

121 963 185 1006 non
216 935 351 1006 solertia
377 935 553 1005 insidietur
576 939 728 1032 tempori.
753 937 857 1008 Simili
886 939 1014 1007 ratione
1038 941 1073 1006 in
1091 938 1196 1007 altum
1216 962 1230 996 ²

120 1027 285 1137 protinus⁶
304 1043 457 1142 tendunt,
471 1041 561 1136 quod
576 1043 685 1113 vicino
696 1046 828 1140 gurgite
845 1043 1000 1132 efficitur,
1019 1043 1197 1140 locumque

121 1149 225 1218 solum
249 1149 435 1244 pandendis
446 1149 571 1218 retibus
583 1149 728 1220 habilem
743 1151 891 1246 elingere
910 1150 1076 1220 festinant.
1094 1151 1198 1240 Quod

121 1256 175 1324 ubi
190 1255 470 1325 animadvertere⁷
491 1255 657 1350 piscantes
677 1246 865 1350 (concurrit
883 1272 995 1326 autem
1016 1257 1196 1330 multitudo

121 1364 279 1457 temporis
298 1387 417 1458 gnara,
437 1376 471 1431 et
487 1365 593 1456 magis
613 1365 713 1434 etiam
734 1362 914 1460 voluptatis
936 1363 1036 1458 hujus
1052 1354 1194 1456 avida),

122 1483 274 1564 totusque
296 1468 441 1564 populus
464 1493 483 1537 e
500 1467 612 1538 littore
632 1485 757 1564 quanto
779 1486 890 1566 potest
906 1469 1051 1540 clamore
1065 1473 1195 1541 conciet

121 1635 189 1668 nem.
211 1614 264 1670 Sed
282 1613 405 1688 delphini
423 1615 493 1668 nihil
515 1615 633 1670 adrem.
679 1637 769 1690 scopo.
789 1619 887 1673 Sensus
911 1637 967 1672 non
985 1617 1095 1673 arduus.
1119 1617 1195 1682 Etsi,

121 1695 217 1748 Eadem
230 1708 322 1748 tamen
336 1695 371 1748 de
383 1695 506 1767 plurimis
518 1697 584 1750 locis
595 1696 635 1750 di-
679 1698 780 1770 inquit‚
788 1699 815 1751 in
823 1699 1136 1770 egressu,eruptioneque
1146 1717 1195 1751 sna

121 1787 175 1838 cta,
197 1776 231 1828 ab
253 1775 361 1829 AEliano
380 1775 426 1828 lib.
439 1777 491 1842 Π,
514 1795 573 1848 cap.
598 1777 633 1842 83
678 1777 791 1849 mugiles
809 1797 865 1830 non
888 1779 1057 1831 observarent
1078 1777 1194 1830 naturali

121 1855 264 1926 Oppiano,
285 1855 402 1908 Halieut.
429 1854 475 1908 lib.
500 1855 546 1919 V,
571 1855 633 1918 425.
677 1857 795 1928 quadam
818 1857 925 1910 solertia
943 1857 1093 1910 comitantis
1115 1869 1193 1910 aestus

121 1935 239 1988 tilbertus
248 1936 341 2008 Magn.
356 1932 389 1987 de
402 1934 518 1987 Animi.
529 1935 634 2002 XXIV,
676 1937 923 2008 reciprocationem,
949 1957 1004 2009 qua
1023 1957 1078 1990 non
1098 1956 1194 2008 parum

121 2015 189 2068 idem
205 2016 243 2068 ait
257 2015 407 2072 factitatum
429 2014 457 2066 in
471 2015 525 2068 oris
539 2015 631 2068 Italiae.
677 2035 770 2070 eorum
783 2019 901 2089 impetus
916 2017 1056 2090 adjuvatur
1073 2034 1080 2068 :
1097 2015 1197 2068 nihilo·

121 2093 535 2161 Atiloansnar,dePiscib.lib.
549 2094 630 2158 XVI,
676 2096 764 2150 minus
800 2110 902 2151 tantam
935 2098 1033 2150 molem
1063 2095 1194 2168 ponderis

121 2193 145 2245 p.
161 2177 191 2239 8,
204 2176 233 2228 in
252 2174 387 2246 Hispaniae
405 2174 495 2230 littore
507 2194 564 2228 rem
574 2173 631 2227 lieri
676 2179 743 2231 retia
752 2197 807 2231 non
817 2178 969 2232 tolerarent.
979 2176 1043 2229 Vim
1050 2176 1191 2247 mugilum,

121 2255 181 2308 vult.
190 2256 274 2308 Error
284 2254 346 2311 inde
355 2255 445 2308 forsan
453 2266 528 2310 ortus
534 2256 575 2323 (ut
583 2253 632 2307 rati
677 2258 719 2310 vel
733 2259 755 2310 si
769 2269 847 2311 ustus
859 2257 927 2310 absit
940 2255 1119 2310 convellendis
1132 2273 1192 2326 per-

122 2348 179 2388 snnt
190 2335 287 2387 Baros
306 2346 333 2388 et
350 2336 468 2403 ternuc)
486 2335 561 2407 quod
577 2333 632 2388 del·
675 2337 884 2410 rumpendisqne
896 2338 997 2391 retibus
1009 2355 1060 2408 per
1074 2355 1101 2388 se
1118 2333 1192 2387 suffi-

122 2414 209 2484 phini,
227 2413 294 2467 dnm
310 2415 442 2486 mugilum
461 2434 553 2487 greges
569 2434 631 2486 per·
676 2417 919 2480 cere,itaomnino
929 2413 1161 2489 significatilsan

121 2506 275 2566 sequuntur,
287 2494 320 2548 iis
329 2495 368 2547 ita
378 2495 476 2547 acriter
483 2495 591 2562 instent,
602 2504 633 2546 ut
713 2499 738 2550 6.
748 2500 826 2550 Simili
834 2501 930 2550 ratione
941 2501 967 2549 iu
981 2501 1058 2548 atum
1067 2498 1190 2564 protinus.

122 2573 147 2625 in
156 2574 229 2627 sinus
238 2587 265 2627 et
276 2586 371 2646 stagna
382 2575 551 2646 confugiant3
560 2573 631 2627 unde
677 2575 714 2628 Ex
727 2577 945 2650 interpretatione
953 2576 1035 2649 hujus
1044 2575 1095 2628 loci
1109 2593 1192 2646 quam

122 2655 226 2725 piscatio
238 2674 308 2727 sepe
317 2655 460 2727 copiosior.
469 2653 589 2709 Curras.
675 2657 824 2720 attulimus,
834 2669 944 2730 apparet
950 2655 1029 2708 nihili
1037 2673 1093 2708 esse
1102 2652 1191 2706 Vossii

154 2735 177 2788 3.
197 2739 326 2804 Magium.
347 2741 397 2786 Des
417 2739 502 2787 mulets
522 2754 532 2784 .·
554 2735 632 2806 cujus
676 2738 857 2809 conjecturam
864 2737 912 2799 ,in
922 2736 1033 2788 Observ.
1042 2733 1191 2795 adMelam,

120 2815 220 2885 generis
229 2816 315 2887 pisces
323 2827 446 2886 stagnum
457 2814 486 2868 id
497 2813 632 2886 hodieque
674 2809 816 2888 pag.'179,
828 2816 956 2890 legentis,
967 2842 980 2862 α
990 2817 1022 2868 In
1035 2814 1118 2866 altum
1128 2831 1190 2885 pro-

121 2896 245 2968 optimos,
261 2895 445 2968 plurimosque
454 2893 511 2948 alit.
521 2894 613 2948 lirun.
675 2895 746 2948 tinus
758 2895 886 2960 tendunt,
905 2895 979 2968 qnod
987 2894 1077 2950 vicino
1086 2893 1191 2965 gurgite

154 2983 179 3040 4.
199 2977 319 3044 Augustis
327 2976 447 3044 saucibus
465 2979 566 3042 stagni,
581 2985 630 3029 etc.
674 2974 819 3047 adfligitur.
828 3001 841 3023 ι
854 2976 941 3030 Haut).

122 3055 171 3109 Eas
184 3057 276 3109 fauces
296 3053 496 3126 Monpessulani
514 3067 630 3123 vocant,
711 3067 736 3127 7.
750 3058 825 3123 erod
847 3057 889 3106 ubi
912 3057 1122 3116 auiuadvertsre,
1137 3065 1189 3107 etc.

122 3141 146 3188 la
155 3140 219 3189 crau
228 3173 236 3198 ,
246 3140 306 3204 pres
315 3139 347 3186 de
361 3137 497 3202 Mangroeil.
509 3137 609 3188 Daune.
675 3147 726 3188 etc.
741 3134 859 3188 Luxatns
874 3145 913 3190 est
921 3173 930 3200 ,
943 3135 972 3188 ni
989 3135 1078 3200 fallor,
1096 3131 1190 3185 dictio·

154 3217 177 3269 5.
199 3219 281 3283 AEque
303 3218 391 3266 molem
416 3216 533 3282 ponderis
563 3219 631 3267 nullo
674 3233 741 3268 unm
749 3232 928 3287 sensuumque
937 3214 1014 3280 ordo,
1025 3224 1051 3266 et
1059 3211 1191 3284 permixta

122 3300 189 3348 modo
197 3299 344 3348 toleratura.
354 3294 631 3364 Interpolatamlibro·
675 3313 706 3347 ac
716 3294 828 3348 confusa
840 3294 940 3347 omnia.
952 3291 1130 3346 Tolerabilior
1142 3303 1190 3346 au·

23 3367 24 3436 l
121 3395 176 3428 rum
189 3373 325 3428 editorum
334 3373 566 3446 lectionemque
576 3386 632 3426 erat
675 3388 731 3429 tem
741 3375 821 3428 lectio
834 3387 858 3427 et
872 3374 970 3428 rationi
982 3373 1065 3444 magis
1077 3391 1190 3425 cons·

120 3451 319 3528 hujuscemodi,
336 3473 393 3521 quoe
412 3458 500 3506 molem
511 3456 631 3523 ponderis
676 3454 745 3508 tiens
752 3454 786 3522 ad
795 3455 867 3507 hunc
881 3451 1011 3509 modum:
1030 3450 1130 3516 ·Qu0d
1143 3452 1191 3504 ubi

121 3539 168 3586 ullo
180 3538 254 3586 modo
271 3539 395 3598 tolerent,
417 3545 570 3590 nostrorum
585 3553 631 3588 co·
676 3535 764 3588 anim·
774 3535 923 3606 piscantes,
936 3545 1060 3604 totusque
1073 3531 1189 3603 populus

119 3611 207 3666 dicum
217 3612 286 3678 fide,
298 3615 362 3684 lieg.
374 3631 397 3672 1,
419 3613 537 3668 Colbert.
554 3633 582 3678 r,
600 3634 614 3666 s
624 3656 633 3682 ,
676 3615 824 3684 (concurrit
837 3625 925 3666 autem
935 3609 1079 3664 multitudo
1091 3622 1192 3681 tempo·

119 3693 256 3748 Parisiens.
264 3706 316 3747 etc.
327 3694 503 3758 restituimus,
512 3710 543 3748 eo
555 3695 632 3766 plane
675 3695 712 3748 ris
722 3713 818 3766 gnara,
829 3705 855 3746 et
865 3693 949 3763 magis
960 3692 1037 3744 etiam
1048 3691 1191 3762 voluptatis

121 3773 197 3828 modo
215 3793 270 3845 quo
291 3772 396 3826 dudum
410 3785 471 3826 ante
491 3793 540 3827 nos
555 3775 631 3828 resti-
675 3773 755 3847 hujus
769 3773 848 3828 avida
861 3773 895 3826 ad
903 3771 1046 3844 spectaculi
1056 3771 1192 3838 eventum)

23 3883 24 3922 3
120 3852 243 3906 tuendam
260 3853 366 3925 scripsit
377 3852 564 3917 Rondeletius,
584 3855 630 3908 lih.
676 3872 691 3905 e
717 3854 804 3907 littore
830 3865 931 3925 quanto
959 3862 1046 3922 potest
1075 3848 1193 3902 clamore

121 3931 270 4004 XVI,cap.
283 3933 318 3999 8,
334 3931 485 3986 admonitus
493 3933 527 3986 ab
536 3935 572 3986 V.
588 3933 630 3988 Cl.
677 3933 792 3996 conciet,
819 3944 867 3986 eto.
886 3959 899 3978 u
917 3932 995 3984 Puer.
1015 3961 1050 3971 —
1070 3935 1193 3996 Totusquo

23 4069 24 4076 χ
121 4011 199 4066 Guill.
215 4013 354 4068 Pellicerio
365 4012 552 4084 Monspeliensi
571 4013 631 4084 Epi·
673 4018 800 4083 populus..
812 4051 836 4066 ..
852 4018 959 4066 clamore
969 4014 1065 4064 conciet
1072 4014 1199 4064 Simonem.
