2880 4974
473 429 633 496 Linus
667 429 734 496 1x.
1093 453 1139 523 27

63 543 215 654 cymbis³.
241 557 431 652 Capiuntur
453 555 566 627 multis
591 557 725 652 quidem
749 557 887 644 modis,
911 557 969 627 sed
1001 559 1144 628 maxime

63 680 181 735 erectae
195 666 233 732 in
249 687 380 732 summa
394 661 501 758 pelagi
516 664 777 733 antemeridiano
788 650 959 759 tempore⁴
973 662 1139 753 blandite,

62 773 227 840 eminente
256 784 329 840 toto
351 769 453 840 dorso
475 795 535 864 per
561 769 739 866 tranquilla
760 771 927 840 fluitantes
952 795 959 838 :
988 795 1061 866 quae
1079 780 1148 840 v0·'

63 863 188 973 luptas⁵
210 876 316 946 libere
333 875 480 971 spirandi
493 878 527 944 in
541 891 671 946 tuntum
690 876 773 946 fallit
788 875 907 946 oblitas
922 878 993 963 sui,
1011 891 1050 946 ut
1067 877 1145 948 solis

63 969 206 1079 vapore⁶
218 1029 222 1036 -
234 984 360 1052 siccato
381 985 505 1052 cortice
518 982 549 1071 ⁷,
572 1009 640 1052 non
661 999 786 1078 queant
806 985 935 1078 mergi,
968 985 1146 1078 invitaeque

65 1092 212 1174 fluitent,
232 1105 433 1184 opportunae
444 1091 638 1159 venantium
650 1089 779 1185 praedae.
799 1076 949 1159 Ferunt⁸
967 1103 1001 1158 et
1012 1105 1144 1185 pastum
1165 1117 1180 1152 ι

66 1221 215 1292 egressas
230 1211 353 1283 noctu,
373 1195 535 1291 avideque
548 1209 711 1266 saturatas
733 1195 888 1266 lassari⁹t
909 1211 1008 1292 atque
1029 1209 1067 1265 ut
1089 1221 1146 1266 re·

14 1383 15 1400 ,
65 1305 251 1372 meaverint
280 1304 469 1389 matutino,
495 1327 626 1372 summa
654 1304 688 1372 in
710 1326 796 1398 aqua
821 1303 1093 1373 obdormiscere:
1111 1303 1146 1373 id

14 1499 15 1502 Ἴ
66 1410 159 1504 prodi
190 1412 405 1478 stertentium
429 1409 549 1478 sonitu.
561 1411 647 1478 Tum
666 1409 844 1496 adnatare,
860 1409 1060 1504 leviterque,
1079 1413 1146 1480 sin·

67 1515 146 1611 gulis
163 1513 354 1585 ternos¹⁰:a
369 1513 500 1584 duobus
512 1517 546 1583 in
565 1515 701 1585 dorsum
718 1517 821 1604 verti,
842 1539 860 1584 a
875 1519 974 1586 tertio
989 1515 1146 1611 laqueum

13 1623 15 1744 q
67 1623 152 1716 injici
171 1622 482 1716 supiuae,atqueita
497 1647 515 1690 e
531 1636 620 1691 terra
631 1621 654 1646 ¹¹
666 1647 686 1691 a
699 1620 850 1718 pluribus
869 1623 966 1692 trahi.
992 1625 1034 1692 Iu
1049 1624 1148 1694 Phue-

13 1749 14 1792 t
68 1731 149 1798 nicio
176 1729 265 1797 mari
287 1727 378 1796 haud
396 1726 464 1797 ulla
482 1727 678 1798 difficultate
696 1730 891 1824 capiuntur,
911 1728 1066 1824 ultroque
1089 1755 1148 1799 ve·

69 1838 163 1904 niunt
183 1849 274 1904 stato
306 1849 459 1928 tempore
483 1836 562 1902 anni
588 1836 623 1904 in
646 1859 777 1904 amnem
801 1834 1019 1905 Eleutherum
1042 1835 1151 1906 effusa

70 1941 294 2011 multitudiue.
315 1943 445 2010 Dentes
462 1967 531 2010 uon
550 1956 629 2012 sunt
650 1942 826 2026 testudini,
845 1941 903 2011 sed
926 1943 1025 2012 rostri
1053 1967 1146 2012 mar·
1166 1949 1183 2002 3

12 2059 14 2094 i

72 2155 205 2220 Ridicule;
226 2173 290 2206 nem
308 2153 431 2206 maxims
448 2152 588 2207 testudinis
633 2172 686 2226 que
696 2153 863 2226 superficiem
873 2153 1015 2208 testudinis
1024 2154 1150 2210 corticem

73 2235 223 2309 superficies
248 2233 416 2306 longitudine
435 2233 483 2288 vix
503 2245 591 2305 aequat
634 2234 838 2300 vocet,lib.11‚
851 2236 904 2288 seh.
916 2237 941 2286 6.
951 2234 995 2288 Sic
1008 2235 1151 2302 Martialis,

12 2297 13 2378 i
73 2316 188 2387 quinque
201 2313 304 2386 pedes,
317 2311 457 2367 latitudine
467 2325 590 2384 quatuor.
635 2311 683 2366 lib.
698 2314 738 2378 X,
752 2315 862 2368 conche
872 2314 1007 2369 corticem.
1021 2315 1114 2367 Hisn.

74 2397 140 2467 Ergo
161 2393 267 2447 vicenis
290 2393 332 2445 vel
348 2393 371 2446 si
390 2393 425 2445 ob
445 2411 592 2446 convexam
673 2394 697 2446 8.
716 2399 809 2446 Femur
823 2409 963 2464 etpastum.
979 2393 1086 2448 Aristot.
1100 2395 1151 2447 loc.

11 2535 12 2552 ,
75 2475 182 2546 tergoris
190 2475 309 2526 formam
320 2473 450 2544 quiddam
460 2473 592 2526 addideris
638 2472 682 2525 cit.
695 2473 788 2527 Hsnn.

11 2557 12 2566 ’
75 2555 165 2626 viginti
176 2566 204 2607 et
214 2565 331 2625 quatuor
341 2553 397 2607 fere
407 2553 519 2625 pedibus
527 2571 593 2626 qua·
673 2571 699 2622 9.
706 2555 815 2604 Lassari.
823 2551 979 2624 Desatigsri,
988 2553 1023 2605 ob
1030 2562 1154 2605 terrestre

77 2633 277 2695 dratis,constat
287 2631 594 2700 ille‚etieminm0nstri·
637 2631 688 2686 iter
703 2631 821 2693 scilicet,
839 2631 1004 2702 nimiamque
1017 2631 1071 2684 cibi
1089 2630 1155 2702 segi-

77 2716 124 2766 fica
145 2712 324 2776 enormitate,
350 2732 474 2781 earapae.
493 2712 594 2783 Utique
638 2709 1154 2774 nem‚somnomoxlsssitudiuemhanc

11 2785 12 2802 ¹
79 2791 147 2845 corio
155 2789 264 2863 pondus
284 2803 323 2844 est
341 2791 448 2846 circiter
463 2791 593 2856 librarum
640 2791 734 2862 utique
747 2790 933 2862 subsequente.
944 2790 1036 2841 Hinn.

80 2872 171 2936 4⁰⁰2h·
185 2890 209 2924 e.
223 2869 295 2922 illius
305 2869 448 2924 dimidium
461 2868 535 2944 quod
545 2869 594 2922 toti
680 2875 792 2922 10.Tum
801 2873 939 2932 adnatare,
950 2872 1093 2936 leviterque,
1106 2869 1158 2918 sin·

79 2952 171 3004 hellue
185 2961 331 3021 competet.
342 2952 388 3003 Αι.
639 2953 706 3020 gulis
717 2963 809 3002 ternos.
820 2949 861 3002 Ite
872 2950 934 3020 fleg.
950 2966 975 3012 r,
991 2967 1022 3013 n,
1038 2947 1114 3001 colb.
1132 2963 1157 3012 1,

113 3033 137 3085 3.
148 3035 258 3084 casas...
269 3032 368 3096 ermbr's.
382 3029 534 3104 Hyperbole
544 3029 598 3084 ria·
644 3048 675 3095 ι,
689 3029 773 3082 Paris.
783 3041 831 3082 etc.
845 3028 1012 3104 Interpoietae
1025 3027 1156 3080 hactenus

81 3125 165 3167 torum
183 3114 287 3184 ingens.
301 3112 419 3165 Currus.
642 3109 771 3162 editiones
784 3126 876 3161 omnes
891 3125 898 3160 ε
915 3133 926 3154 ι
937 3119 1051 3179 tumque
1063 3105 1157 3159 leviter

11 3251 13 3270 ,
114 3205 139 3263 q.
155 3205 281 3265 Tempore.
300 3196 339 3247 Ite
356 3195 420 3267 Reg.
437 3213 460 3258 r,
481 3215 509 3258 a,
520 3193 596 3248 colb.
643 3189 702 3261 cepi
716 3207 724 3241 ε
739 3187 865 3241 adnatare
884 3187 956 3240 enim
977 3185 1087 3258 siugulis
1107 3197 1158 3238 ter·

87 3296 108 3342 r,
120 3297 152 3344 2,
166 3277 267 3349 aliique
280 3291 372 3327 omnes
388 3273 464 3327 MSS.
480 3273 598 3340 Quibus-
642 3288 722 3322 nos.»
733 3267 808 3334 Quid
826 3266 900 3339 quod
915 3279 942 3320 et
960 3269 1056 3332 leniter,
1072 3265 1158 3336 magis

84 3356 142 3410 dam
164 3369 255 3409 temen
276 3355 360 3424 magis
381 3353 484 3426 piacet,
500 3369 598 3422 tepore,
644 3349 761 3402 fortassis
771 3346 896 3412 arrideat,
907 3364 988 3418 quem
999 3347 1083 3398 leviter
1090 3343 1159 3416 legii

84 3437 142 3508 legi.
154 3439 196 3489 De
206 3433 371 3490 testudinum
381 3447 464 3504 porro
474 3445 598 3505 capture,
643 3429 706 3482 Mox
715 3426 873 3481 eorumdem
883 3424 1005 3479 codicum
1011 3423 1159 3490 admonitu,

84 3514 290 3568 uideliondelet.
304 3513 350 3566 lib.
363 3513 442 3579 XVI,
451 3531 511 3584 cap.
527 3512 560 3575 3,
573 3524 600 3564 et
644 3531 658 3563 e
672 3525 737 3562 terra
754 3507 951 3579 rescripsimus,
970 3506 1018 3560 etsi
1033 3504 1097 3558 editi
1110 3505 1159 3558 he·

86 3596 195 3650 Furner.
211 3594 347 3668 Hydrogr.¹
360 3592 408 3645 lib.
429 3594 455 3656 I,
475 3605 533 3664 cap.
548 3593 600 3656 30,
644 3591 725 3657 bent,
738 3594 776 3642 ad
789 3603 889 3640 terram.
905 3585 1054 3649 Hactenus,
1073 3583 1160 3637 dehis

86 3694 145 3747 pag.
159 3679 220 3745 187.
232 3675 325 3727 Hunn.
501 3675 503 3682 ’
645 3690 705 3743 que
721 3669 824 3723 critices
844 3679 914 3721 sunt.
936 3666 975 3718 De
997 3683 1075 3718 sensu
1095 3681 1159 3716 vero

121 3755 145 3808 5.
171 3761 234 3824 Qua
261 3747 388 3820 volupta's'.
415 3750 479 3804 Haec
506 3750 603 3824 pariter
647 3751 739 3806 ieviter
757 3747 859 3802 idcirco
876 3744 1003 3798 adnatare
1022 3743 1161 3807 dicuntur,

90 3835 166 3888 trist.
176 3833 245 3886 Hist.
257 3831 350 3886 Anim.
360 3830 529 3903 lib.V111,p.
541 3831 603 3884 868.
647 3849 682 3883 ne
695 3848 761 3882 sono
775 3845 907 3900 uquarum
922 3823 1113 3896 expergefactus
1124 3833 1162 3877 te·
1271 3874 1274 3882 ,

122 3918 146 3967 6.
157 3917 220 3966 sotis
232 3931 337 3980 vapore.
358 3909 415 3963 Hoc
433 3921 488 3972 est,
503 3911 604 3974 calore,
649 3908 781 3970 etudines,
795 3907 951 3979 priusquam
959 3902 1066 3958 vincula
1079 3902 1110 3956 iis
1122 3903 1162 3955 in-

92 4006 119 4046 ut
127 3993 241 4046 diximus
255 3992 302 4044 lib.
315 3989 360 4052 11,
373 4007 430 4060 cap.
442 3996 468 4054 4.
479 3989 570 4042 niso.
648 3990 776 4063 jecerint,
789 3987 988 4057 immergantur.
997 3983 1091 4036 Hsun.

125 4094 148 4145 7.
161 4079 260 4127 Siccam
275 4074 375 4124 cortice.
393 4069 521 4124 Phaedrus
539 4089 605 4142 quo-
689 4089 728 4124 ιι.
740 4074 763 4120 1
775 4067 886 4121 unns
900 4065 998 4119 littore.
1016 4064 1103 4118 litun.
