2880 4974
319 423 369 506 44
581 427 619 494 C.
649 429 821 498 PLINII
849 429 961 498 NAT.
990 431 1122 498 HIST.

282 557 298 610 3
317 554 415 642 tudo,
435 554 532 624 nullis
555 558 684 628 ossibus
703 563 846 654 spinisve
864 563 1036 646 intersitis,
1050 583 1150 630 carne
1163 555 1331 653 praedulci.
1347 560 1386 624 In

281 741 284 758 ¹
314 771 360 830 gra
375 753 408 818 sit
417 753 445 804 in
458 772 487 806 re
498 753 530 806 ad
542 743 695 809 Danubium
705 770 826 829 spectan·
870 757 1174 832 summogaudioquam
1186 775 1248 810 mon
1263 757 1386 810 ssessio-

314 842 359 884 te:
375 832 439 887 satis
452 833 502 884 erit
515 834 661 907 intelligere
673 838 825 891 Danubium
868 857 903 890 ne
913 839 1048 910 exsurgit,
1062 849 1088 889 et
1096 839 1179 890 boves
1193 855 1330 907 equosque
1341 836 1386 888 ad-

313 929 386 963 mare
409 911 460 967 lroc
479 914 538 967 loco
557 915 668 968 Plinium
693 918 825 988 appellare
869 920 949 970 motis
976 917 1088 970 stimulis
1115 917 1228 982 incitat,
1255 928 1385 986 tanquam

271 1017 274 1026 ·
313 989 427 1060 ingentia
449 991 492 1043 illa
512 993 576 1045 ostia
603 995 693 1057 fluvii,
717 1015 776 1066 quae
798 997 825 1048 iu
869 997 1022 1068 aratoriam
1040 995 1215 1065 expiscatum
1233 995 1343 1063 lactus(
1357 1007 1386 1046 ut

313 1067 426 1138 ipsomet
447 1069 534 1128 Ponto
553 1071 643 1126 dulces
667 1073 699 1126 ad
722 1087 824 1126 tantum
868 1077 915 1146 qui
929 1076 957 1127 in
967 1075 1065 1128 labulis
1075 1075 1162 1126 subito
1175 1093 1314 1145 personam
1327 1093 1386 1126 mu-

314 1146 390 1218 spatii
406 1167 488 1219 aquas
506 1150 629 1206 retinent.
649 1154 780 1207 Corruent
793 1174 825 1208 ex
869 1167 926 1206 tant
941 1159 968 1222 ),
989 1173 1018 1206 ac
1040 1153 1169 1226 jumentis
1195 1172 1257 1206 cum
1278 1165 1386 1206 cetaceo

313 1228 436 1282 restituta
449 1229 579 1300 lectione,
598 1253 772 1306 quascumque
792 1234 826 1286 de
869 1233 941 1305 pisce
951 1231 1252 1286 benerobustoluetatio
1262 1233 1386 1286 estNam

314 1307 401 1360 mario
423 1307 495 1379 pisce
518 1324 578 1382 post
598 1313 738 1366 Gelenium
758 1331 826 1365 som·
869 1313 912 1364 hic
940 1311 1001 1364 Istri
1032 1311 1157 1364 alumnus
1184 1311 1258 1362 omni
1285 1311 1385 1363 virium

314 1386 422 1442 niarunt
442 1391 610 1448 recentiores.
637 1395 717 1445 Juvat
741 1393 826 1444 Plinio
869 1390 1037 1442 contentione
1057 1391 1086 1441 in
1104 1388 1271 1442 altitudinem
1289 1409 1317 1440 se
1337 1389 1385 1442 de·

314 1465 410 1520 AEliani
419 1466 490 1520 dicta
500 1489 669 1540 comparare,
680 1474 757 1542 cujus
766 1491 827 1542 grae-
869 1468 968 1538 primit,
979 1467 1020 1520 illa
1032 1479 1121 1520 contra
1134 1467 1226 1520 funem
1234 1467 1385 1532 retrahunt;

316 1563 346 1597 ca
371 1547 451 1598 verba
474 1549 518 1602 tali
543 1563 618 1619 pacto
642 1551 670 1602 in
692 1552 826 1604 elaborata
869 1547 947 1617 piscis
961 1547 1041 1618 igitur
1062 1547 1178 1598 vincitur
1192 1565 1224 1598 ex
1242 1548 1385 1600 amborum

316 1623 480 1680 Londinensi
514 1627 629 1682 editione
658 1629 692 1682 ad
716 1631 826 1682 latinum
870 1638 973 1688 tractu,
988 1626 1206 1698 atqueinripam
1220 1629 1386 1698 jugoextra-

316 1701 418 1756 idioma
438 1718 593 1773 tornantur,
615 1710 660 1764 lib.
684 1711 760 1772 XIV,
785 1710 827 1772 25,
849 1695 851 1706 ¹
870 1705 949 1758 bitur.
957 1730 969 1750 ι»
978 1705 1152 1759 Hisceverbis
1161 1705 1307 1775 putaverim
1319 1707 1386 1757 nihil

315 1801 376 1853 pag.
392 1785 442 1836 800
459 1804 465 1838 :
482 1812 494 1830 n
506 1788 636 1841 latri-,mus
656 1790 762 1841 natione
783 1789 825 1860 pi.
870 1785 955 1854 magis
971 1783 1004 1836 ad
1023 1803 1080 1836 rem
1097 1784 1269 1848 inveniri,ut
1287 1784 1386 1836 silurus
1429 1775 1430 1778 Ἴ

318 1874 407 1914 scater
429 1863 463 1916 ad
481 1867 541 1918 istri
565 1868 650 1940 ripam
676 1869 758 1920 boum
778 1887 827 1940 par
870 1865 951 1916 boum
958 1865 1166 1935 jugisextractus
1178 1865 1212 1914 ab
1222 1863 1336 1916 Istriano
1347 1865 1386 1936 pi-

316 1939 456 2011 impellit...
476 1945 556 2009 Quod
580 1947 601 1999 si
624 1966 753 2018 equorum
777 1966 827 2018 par
869 1955 971 1996 scatore
980 1942 1157 2014 apudAElian.
1166 1943 1266 2014 optime
1275 1944 1386 2013 protelis

316 2017 394 2085 adsit,
404 2021 497 2075 iisdem
510 2025 609 2088 utitur;
624 2039 648 2078 et
660 2029 756 2097 jugum
771 2027 827 2096 ipse
870 2023 951 2074 boum
963 2022 1065 2075 extrahi
1073 2022 1200 2074 dicutura
1212 2022 1305 2074 Plinio.
1316 2025 1387 2076 Con·

315 2096 435 2156 humeris
447 2121 553 2172 gerens,
572 2103 631 2158 istic
646 2105 762 2167 accedit,
781 2104 827 2156 ubi
869 2113 920 2153 stat
930 2102 1001 2154 enim
1016 2120 1047 2154 ex
1062 2101 1120 2173 ipso
1132 2102 1245 2172 aliisque
1256 2103 1385 2174 Antiquis

317 2179 484 2232 commodam
497 2182 547 2236 sibi
565 2196 591 2236 et
604 2183 693 2236 sedern
706 2195 731 2240 et
744 2185 826 2254 pisca·
871 2181 1024 2234 Danubium
1035 2182 1095 2234 lstri
1102 2183 1304 2234 nomenclatura
1315 2202 1385 2254 quo·

232 2275 236 2288 ·
316 2256 415 2310 tionem
439 2259 496 2312 lore
516 2261 680 2328 arbitratur,
698 2262 826 2336 atquead
869 2279 922 2330 que
939 2259 1081 2332 appellari;
1095 2272 1174 2332 atque
1194 2261 1242 2312 ubi
1263 2261 1386 2314 secundo

315 2335 400 2407 ripam
409 2337 535 2409 jumentis
553 2343 682 2412 pabulum
703 2343 825 2412 apponit,
870 2341 979 2392 nomine
993 2341 1084 2394 vocari
1105 2339 1230 2411 incipiat,
1250 2359 1299 2392 suo
1324 2343 1385 2394 loco
1425 2341 1429 2356 ‘

316 2414 388 2467 unde
400 2415 499 2470 interea
510 2419 568 2474 haec
576 2423 754 2494 complentur,
762 2420 825 2474 duni
869 2419 996 2472 invenies.
1006 2421 1220 2472 naza-rorone
1235 2439 1267 2472 m.
1277 2422 1335 2473 sim.
1345 2421 1386 2472 Pi·

316 2493 373 2566 ipse
383 2495 452 2549 funis
464 2498 531 2551 bene
540 2500 609 2551 firmi
619 2541 626 2565 ,
637 2512 663 2553 et
674 2499 709 2552 ad
722 2501 828 2552 traben-
870 2499 920 2552 scis
932 2500 1044 2569 hujusce
1053 2517 1166 2562 nomen,
1180 2499 1276 2564 Maeni,
1291 2500 1386 2552 Danu·

317 2573 382 2627 dum
392 2575 499 2640 idonei,
510 2580 623 2631 alterum
636 2593 717 2650 eaput
729 2579 764 2632 ad
776 2598 827 2632 me·
870 2579 921 2642 bii,
940 2578 1164 2650 Borysthenisque
1184 2578 1293 2640 incolae,
1307 2579 1385 2650 quod

316 2652 390 2707 dium
399 2659 492 2730 jugum
506 2658 610 2730 alligat;
621 2678 651 2712 ex
664 2660 747 2712 altero
756 2659 827 2731 capi·
870 2657 972 2709 Plinius
986 2676 1038 2708 nou
1058 2655 1175 2723 addidit,
1194 2657 1326 2726 expressit
1345 2658 1386 2709 Al·

316 2745 342 2787 te
359 2733 468 2789 hatnum
488 2738 614 2810 appendit
636 2737 825 2791 validissimum
870 2736 960 2788 bertus
974 2737 1012 2788 tt.
1023 2736 1094 2788 hunc
1109 2735 1207 2801 Plinii,
1225 2749 1255 2788 ut
1272 2736 1385 2808 quidem

316 2812 391 2866 illum
405 2817 651 2890 acutissimumque,
669 2836 748 2889 quem
767 2836 826 2870 asso
870 2813 994 2880 videtur,
1017 2815 1106 2867 locum
1132 2815 1330 2881 transcribens,
1351 2816 1385 2870 de

315 2887 386 2945 tauri
405 2896 533 2966 pulmone
551 2897 708 2951 instructum
723 2896 758 2949 ad
772 2896 827 2949 alli·
869 2894 985 2946 Animal.
1003 2893 1048 2946 lib.
1068 2895 1125 2960 lll,
1137 2905 1213 2946 tract.
1231 2913 1255 2959 r,
1275 2912 1337 2965 cap.
1359 2915 1383 2963 r,

316 2970 439 3025 ciendum
451 2975 592 3028 Istrianum
602 2977 713 3028 silurum
725 2975 825 3028 suavis·
869 2990 929 3043 pag.
946 2990 995 3040 119
1008 2973 1088 3036 :,«1n
1102 2972 1259 3026 animalibus
1273 2974 1386 3044 quibus·

316 3049 410 3103 simam
429 3053 453 3105 ei
467 3073 551 3106 escam
567 3055 655 3126 dejicit
666 3074 673 3118 ;
685 3068 825 3127 postquam
869 3050 947 3117 dam,
960 3051 1058 3122 inquit,
1069 3070 1156 3124 neque
1168 3071 1212 3118 os,
1228 3071 1316 3124 neque
1332 3056 1385 3126 spi·

316 3147 349 3181 ex
360 3129 441 3191 linea,
453 3131 487 3184 ad
501 3153 579 3205 quam
593 3136 687 3187 hamus
704 3135 826 3207 alligatus
870 3149 932 3182 uam
954 3129 1129 3192 habentibus,
1141 3163 1144 3172 .
1157 3132 1226 3184 sicut
1246 3144 1284 3184 est
1302 3133 1386 3202 piscis

317 3221 367 3271 est,
379 3221 508 3281 quantum
528 3215 588 3267 satis
608 3215 640 3268 sit
657 3215 776 3287 plumbi,
792 3213 826 3266 ad
870 3209 938 3262 huso
951 3221 1075 3275 vocatus,
1096 3210 1143 3281 qui
1158 3211 1261 3264 nullum
1271 3215 1385 3266 omnino

316 3287 509 3343 moderandum
537 3305 649 3346 tractum
676 3293 823 3366 appendit:
870 3289 1383 3362 habetosautspinam,ntsrrncapite:

316 3369 363 3420 ubi
381 3371 480 3424 silurus
502 3373 606 3425 bubulas
627 3392 691 3427 escae
721 3391 825 3426 sensum
871 3381 896 3420 et
904 3369 948 3422 bic
961 3371 1039 3440 piscis
1048 3370 1165 3424 abundat
1176 3372 1203 3424 in
1214 3373 1346 3435 Danubio,
1359 3387 1385 3426 et

315 3448 432 3520 percepit
441 3451 527 3502 statim
537 3471 623 3504 escam
637 3465 827 3524 appetens,ea·
870 3460 908 3500 est
930 3467 1054 3521 magnus,
1073 3450 1173 3502 habeus
1191 3463 1306 3503 rostrum
1327 3471 1386 3504 ma·

316 3547 382 3598 que,
395 3548 454 3600 quaa
468 3529 647 3595 desiderabat,
663 3531 769 3584 abunde
780 3551 826 3583 na·
867 3546 969 3598 gnum,
983 3529 1052 3582 sicut
1071 3530 1163 3582 sturio.
1172 3555 1184 3575 n
1198 3531 1264 3594 Quae
1279 3529 1385 3584 lllberti

316 3617 373 3660 ctus
383 3607 492 3660 humum
509 3611 615 3664 incaute
629 3612 691 3663 totis
704 3611 825 3662 faucibus
869 3608 955 3659 oratic
974 3626 1029 3660 non
1049 3607 1129 3662 modo
1147 3609 1218 3660 illius
1236 3609 1316 3679 piscis
1339 3629 1386 3662 no·

315 3687 388 3740 cibcs
403 3686 528 3754 devorat,
553 3702 578 3742 et
592 3691 673 3742 nimia
688 3691 757 3761 gutae
774 3691 826 3741 avi·
870 3705 930 3738 men
955 3686 1068 3751 indicat,
1091 3688 1139 3759 qui
1159 3693 1218 3740 truso
1240 3688 1385 3742 Germanis

315 3763 396 3818 ditate
413 3768 550 3820 transfixus
570 3768 738 3840 imprudens,
760 3768 824 3821 dum
870 3765 987 3820 dicitur:
1003 3767 1050 3819 sed
1065 3779 1090 3820 et
1103 3767 1198 3819 marini
1215 3765 1319 3838 porculi
1340 3788 1386 3839 ap·

314 3864 346 3897 ex
360 3865 391 3898 eo
403 3845 516 3899 evadere
526 3848 611 3918 cupit,
625 3851 747 3902 omnibus
768 3848 826 3900 viri·
868 3845 1027 3914 pellatione,
1039 3847 1075 3899 ob
1086 3847 1165 3900 rostri
1177 3847 1246 3900 suilli
1258 3847 1384 3899 similitu·

313 3923 367 3978 ltus¹
377 3926 467 3978 funem
480 3927 600 3998 exagitat.
620 3929 699 3993 Quod
709 3927 821 3998 quidem
868 3923 973 3987 dinem,
991 3927 1138 3980 sturionem
1163 3940 1283 3979 nostrum
1311 3929 1379 3979 olim
1423 3973 1425 3979 .

312 4001 821 4080 ipsumanimadvertenspiscator,cum
867 4002 985 4074 signasse
1006 4005 1116 4058 Latinos
1135 4006 1243 4060 innuit:
1260 4006 1335 4078 quod
1354 4019 1381 4060 et
