2880 4974
244 454 291 542 51

508 463 546 528 C.
574 461 745 530 PLINII
772 464 883 534 Nar.
911 465 1041 532 HIST.

240 593 347 660 ornnis
365 605 503 684 captura
520 595 670 686 Byzantii
689 609 757 680 est,
777 619 898 689 magna
916 581 1159 664 Chalcedonis⁵
1174 597 1320 688 penuria

239 693 331 766 mille
348 681 531 790 passuum⁶
553 699 652 768 medii
676 701 895 770 interfluentis
919 703 1033 796 euripi.
1061 701 1318 796 Opperiuntur⁷

239 816 351 870 autem
365 803 532 896 Aquilonis
546 805 681 892 ilatum,
695 823 734 878 ut
748 807 893 878 secundo
909 808 1014 878 linctu
1031 821 1149 876 exeant
1162 811 1319 895 ePonto‚

207 917 301 976 tneo
332 909 394 978 nisi
422 911 584 992 intrantes
616 928 751 1006 portum
779 900 992 1008 Byzantiu1n⁸
1011 915 1198 1008 capiuntur.
1223 917 1319 981 Bru-

239 1084 279 1144 tt,
291 1102 340 1154 ego
352 1084 396 1136 hic
407 1085 535 1158 inveniar,
551 1084 598 1139 sed
612 1098 638 1138 et
655 1087 753 1141 Salma-

239 1163 288 1216 sio.
302 1163 359 1216 Nec
377 1162 484 1216 videtur
497 1165 565 1218 hene
578 1181 698 1218 eurnmus
711 1167 753 1218 vir

239 1243 435 1315 coaptationem
447 1245 593 1298 uerborum
605 1257 754 1309 assecutus,

238 1342 323 1394 quum
340 1322 425 1376 credit
440 1324 546 1376 unicam
556 1343 650 1378 vocem
665 1345 753 1396 χρυσο-

241 1401 313 1474 κέρας
330 1421 380 1472 ρ1ο
395 1410 496 1472 χρυσοῦν
510 1424 534 1456 κ.
546 1403 633 1456 Immo
643 1424 657 1456 e
666 1408 753 1475 χρυσὸς

239 1482 755 1556 11111111011111ςεει1111111τοῦχρυσὸς

239 1563 330 1630 relicta
346 1563 541 1628 terminatione,
550 1561 694 1618 radicalem
706 1564 755 1634 syl·

238 1642 326 1694 labaro
341 1655 455 1694 assumat
468 1645 556 1712 κέρας,
570 1643 756 1714 consocietque

146 1754 148 1764 ·
240 1722 268 1772 in
283 1741 367 1774 unum
378 1740 475 1792 corpus
491 1722 541 1773 sihi
556 1723 716 1793 interpolato
731 1743 754 1775 ο.

239 1800 285 1854 Sic
296 1799 533 1872 clepet-acreda,
546 1799 715 1874 ἡμεροδρόμος
727 1813 754 1854 et

239 1893 370 1936 sexcenta.
380 1881 462 1952 Atqui
472 1881 584 1934 latinum
596 1895 634 1936 est
644 1884 672 1934 in
683 1901 755 1936 com-

238 1959 332 2031 positis
349 1975 399 2031 pro
410 1959 566 2012 Graecorum
580 1979 592 2010 ο
606 1961 721 2013 scrihere
735 1979 758 2027 ι,

239 2049 270 2090 ut
280 2039 375 2110 prioris
387 2037 511 2090 vocabuli
524 2039 625 2108 syllabc
635 2037 758 2091 radicalis

241 2135 306 2170 cum
322 2118 470 2188 posteriore
484 2117 621 2170 coalescat.
637 2117 681 2170 Sic
702 2119 758 2168 alti-

242 2199 345 2255 volans,
375 2197 455 2261 aquili
464 2215 505 2255 er,
528 2198 681 2254 horrisonus,
708 2207 756 2248 etc.

241 2271 315 2344 Ergo
333 2273 456 2344 suspicor
469 2293 483 2325 a
502 2291 582 2324 manu
592 2272 672 2329 Plinii
682 2277 756 2324 Auri-

240 2369 337 2413 cornu,
357 2351 404 2404 ubi
416 2359 562 2422 Aur-Xpue,
581 2371 657 2402 cornu
674 2355 756 2424 stipat,

240 2437 252 2482 ι’
263 2451 331 2486 vero
345 2451 365 2484 ο.
377 2433 551 2496 As.-Quum
562 2433 608 2486 lib.
615 2431 666 2496 IV,
680 2451 720 2491 11,
730 2431 757 2484 iu

239 2512 368 2564 relatione
378 2510 499 2564 Thraciae
510 2548 517 2574 ,
543 2512 757 2582 promontorium

239 2591 292 2643 hoc
297 2591 395 2644 Plinius
405 2591 580 2662 appellaverit
588 2593 758 2659 Chrysoceras,

240 2689 324 2741 greco
332 2669 438 2742 quidem
447 2669 758 2742 nomine‚sedjureLatii

237 2751 406 2823 jampridem
421 2749 536 2813 donato}
551 2769 598 2802 cur
608 2749 663 2802 illio
674 2745 758 2821 graeco

240 2845 267 2884 et
274 2831 381 2901 publico
391 2829 560 2894 nomine,hic
571 2829 655 2882 latino
666 2841 691 2882 et
700 2829 757 2881 inu·

241 2911 320 2964 sitato
330 2911 369 2962 uti
378 2910 512 2972 maluerit,
522 2897 756 2963 couiiderandum.

241 2990 318 3043 Certe
327 2987 427 3056 Plinius
438 3007 523 3060 graeca
538 2990 645 3042 urbium
656 2990 756 3043 etalio·

240 3084 300 3120 rum
310 3069 433 3121 locorum
448 3068 579 3120 vocabula
590 3079 693 3122 vertere
708 3088 757 3122 ne-

241 3164 375 3220 quaquam
385 3147 462 3208 solet,
473 3145 546 3218 quod
557 3146 756 3200 vitiosissimum

242 3241 316 3289 esse,
330 3227 380 3278 nisi
393 3241 498 3278 summa
516 3237 626 3297 urgente
644 3227 757 3278 necessi·

242 3318 309 3368 tato,
336 3307 365 3358 in
384 3305 505 3358 confesso
528 3299 756 3376 apud'doctiores

243 3397 290 3439 est.
311 3385 401 3450 Quam
417 3385 522 3437 obrem
541 3383 683 3438 dictionem
701 3387 759 3436 auri

243 3485 320 3517 cornu
342 3483 392 3537 pro
417 3483 478 3518 vcra
504 3464 677 3535 Plinianaque
701 3481 770 3524 non,

242 3545 343 3610 habeo,
367 3543 414 3596 s‘ed
442 3544 540 3614 opinor
567 3545 602 3595 ab
627 3543 755 3613 imperito

242 3625 341 3678 lectore
352 3623 491 3676 suffectam
504 3623 532 3674 iu
543 3621 639 3693 prioris
647 3623 755 3685 locum,

145 3735 150 3754 r
229 3692 358 3776 ›graeclllll
373 3721 485 3767 1101111111,
496 3713 623 3773 lilflqllam
636 3719 691 3754 rem
702 3719 757 3753 ma·

243 3803 323 3855 gnam
336 3783 434 3836 laceret
442 3821 449 3847 ,
468 3783 506 3834 ita
519 3782 598 3834 latine
612 3781 754 3835 reddente:

152 3891 153 3900 .
243 3865 315 3917 uude
324 3865 354 3916 111
364 3899 371 3926 ,
383 3874 412 3914 ut
420 3861 558 3914 ‘Hermolai
566 3860 698 3934 judicium
706 3861 756 3914 hac

243 3945 272 3996 in
295 3953 369 4014 parte
388 3961 442 3994 non
460 3943 580 4014 probem.
600 3945 700 3996 Dauno.

281 4031 305 4084 5.
330 4033 489 4082 Chalcedonis
511 4033 626 4097 penuria.
651 4029 755 4082 Idcirco

245 4110 443 4164 Chalcedonem
460 4127 590 4164 caecorum
604 4110 697 4162 urbem
713 4127 756 4180 ap·

796 1083 920 1156 pellatam
941 1102 997 1137 esse
1014 1083 1109 1137 Strabo
1124 1083 1221 1156 refert,
1239 1083 1318 1153 quod

797 1165 891 1216 omissa
904 1163 932 1219 in
951 1161 1107 1235 oppositum
1123 1161 1196 1214 littus
1209 1162 1321 1233 naviga·

797 1244 887 1307 done,
900 1244 948 1296 ubi
961 1255 1033 1298 tanta
1049 1243 1203 1314 piscationis
1216 1255 1320 1313 oppor-

797 1322 896 1374 tunitas
913 1333 984 1384 erat,
1004 1320 1135 1374 deteriora
1154 1322 1213 1373 loca
1231 1335 1319 1373 occu-

798 1398 1320 1471 paesentrlChalcedonetamennomen

799 1479 911 1551 pelamis
923 1479 1003 1532 habet
1013 1517 1021 1543 ,
1032 1469 1213 1531 Chalcedonia
1226 1477 1317 1540 dicta,

799 1578 879 1634 quam
902 1560 972 1614 iuter
997 1558 1070 1612 cibos
1096 1557 1319 1630 exquisitissimos

799 1637 891 1691 laudat
907 1639 935 1690 in
949 1638 1041 1709 primis
1052 1637 1167 1699 Gellius,
1181 1638 1228 1690 lib.
1241 1639 1318 1702 VII,

800 1737 859 1790 cap.
878 1721 924 1780 16,
936 1737 996 1789 pag.
1013 1718 1173 1781 43111111).

834 1801 858 1850 6.
881 1801 952 1850 Mille
965 1815 1037 1864 pass.
1056 1799 1132 1848 medii
1154 1799 1319 1865 interfluentis

798 1879 883 1943 napi.
899 1877 1030 1929 Barbarus
1045 1882 1069 1928 D
1083 1895 1152 1944 pass.
1175 1875 1324 1945 rescripse-

800 1967 852 2018 rat,
862 1969 954 2008 contra
962 1956 1082 2009 omnium
1091 1955 1212 2008 codicum
1220 1954 1319 2022 fidem,

800 2035 999 2106 editionumque
1016 2046 1188 2088 vetustarum.
1207 2033 1261 2086 Nos
1282 2053 1320 2088 ex

801 2115 973 2186 iisdem‚Reg.
986 2133 1011 2179 r,
1023 2134 1049 2180 a,
1060 2115 1134 2167 Colb.
1149 2133 1174 2179 r,
1185 2135 1210 2177 a,
1220 2113 1318 2166 chiffl.

801 2196 883 2247 Paris.
895 2207 943 2246 etc.
954 2198 1021 2245 mille
1030 2195 1197 2266 reposuimus
1210 2213 1216 2244 :
1227 2209 1321 2264 neque

802 2276 873 2327 eninr
886 2275 931 2326 hic
948 2273 1098 2326 arctissimae
1117 2273 1178 2324 lreti
1194 2273 1266 2325 illius
1287 2273 1322 2325 si·

803 2365 917 2424 guantur
934 2355 1076 2424 angustiae,
1090 2363 1120 2404 ut
1132 2349 1178 2403 lib.
1187 2352 1223 2415 V,
1234 2369 1257 2404 c.
1267 2357 1321 2420 41,

802 2432 846 2485 sed
858 2431 933 2504 quod
943 2431 1221 2486 interchalcedonem
1231 2441 1255 2482 et
1265 2432 1322 2504 By-

802 2513 920 2564 zantium
930 2551 936 2573 ‚
947 2511 1027 2584 paulo
1041 2511 1127 2564 laxius
1141 2510 1259 2580 ejusdem
1271 2531 1320 2564 eu-

800 2591 854 2663 ripi
867 2592 982 2663 spatium
997 2589 1134 2644 interfluit.
1150 2589 1241 2642 Haeo.

837 2690 861 2740 7.
879 2673 1046 2741 opperiuntur.
1065 2672 1125 2723 Non
1144 2669 1177 2722 ad
1198 2669 1322 2742 tliynnos

800 2751 925 2821 privatim
934 2750 1084 2804 Aristoteles
1098 2749 1155 2802 hec
1165 2749 1300 2802 contraxit
1311 2789 1320 2816 ,

801 2832 847 2885 sed
856 2833 890 2886 de
900 2831 1049 2903 gregalibus
1059 2831 1087 2882 in
1097 2831 1252 2882 universum
1264 2840 1322 2882 tra·

801 2911 883 2975 didit,
897 2911 964 2964 Hist.
973 2911 1062 2962 Anim.
1075 2910 1122 2962 lib.
1134 2909 1220 2982 virt,
1230 2927 1253 2962 c.
1267 2914 1319 2974 16,

800 3011 862 3062 pag.
875 2993 942 3059 913,
953 2991 994 3042 uti
1007 3002 1033 3043 et
1046 3009 1093 3053 ea,
1107 3007 1166 3060 quae
1176 3008 1239 3042 mox
1251 2991 1321 3042 sub·

798 3073 904 3144 jungit,
917 3097 927 3118 ι
938 3072 1035 3123 Bruma
1050 3089 1104 3122 non
1119 3079 1272 3139 vagantur..
1287 3107 1293 3119 .
1307 3109 1313 3121 .

802 3151 879 3202 Multi
917 3151 945 3202 in
980 3147 1142 3222 Propontide
1174 3147 1319 3212 aestivant,

800 3232 915 3284 Pontum
926 3249 980 3282 non
993 3229 1109 3293 intrant,
1120 3237 1171 3280 etc.
1183 3251 1194 3271 ι
1212 3226 1302 3278 Hauo.

837 3309 861 3362 8.
874 3315 926 3361 Nee
943 3311 992 3360 nisi
1007 3313 1126 3359 intrantes
1145 3310 1248 3356 Pontum
1266 3310 1320 3369 By-

800 3385 1134 3456 zantiiccpiunaeruidam
1141 3385 1213 3436 hunc
1224 3383 1318 3435 loctrrn

800 3468 938 3524 restituere
951 3467 1068 3520 volentes
1087 3485 1137 3536 pro
1153 3464 1235 3514 verbo
1250 3459 1319 3531 illo,

799 3557 917 3605 Pontum,
930 3549 1102 3614 Propontidem
1111 3542 1317 3610 substituerunt,

800 3627 1012 3698 deprecatiorem
1037 3643 1119 3698 quam
1140 3635 1216 3676 antea
1243 3635 1317 3686 erat,

799 3706 949 3760 reddentes.
972 3707 1025 3758 Nos
1044 3705 1096 3758 alio
1119 3702 1199 3755 modo
1215 3719 1316 3754 curan-

800 3786 864 3840 dum
886 3797 1008 3856 putantes
1031 3784 1069 3836 sic
1088 3783 1216 3853 legimus,
1236 3782 1318 3834 «Nec

800 3866 852 3919 nisi
866 3867 981 3918 infantes
993 3877 1056 3934 tunc
1067 3861 1190 3940 Byzantii
1205 3861 1316 3930 capiun-

800 3957 850 3997 tur.
863 3943 1041 3996 »Plenissime
1056 3941 1084 3995 id
1097 3960 1130 3996 ex
1141 3941 1318 3993 ,1111101101-

800 4024 900 4094 ligitur,
911 4023 978 4074 libro
985 4034 1092 4084 octavo,
1105 4040 1164 4090 cap.
1178 4019 1209 4070 13
1222 4036 1228 4069 :
1241 4045 1253 4062 «
1262 4021 1316 4072 sed

800 4123 883 4175 quum
897 4102 1008 4174 peperit,
1018 4099 1114 4172 inquit,
1126 4110 1152 4152 et
1160 4097 1247 4168 proles
1259 4100 1315 4170 jann
