2880 4974
302 401 351 472 26
581 413 620 481 C.
648 413 812 485 PLINII
840 415 943 486 NAT.
972 421 1095 490 HIST.

264 560 277 595 ι
353 538 414 606 XI.
440 531 519 629 (tx.)
537 541 803 638 Delphinorum¹
826 548 1073 622 similitudinem
1084 554 1226 644 babent,
1244 563 1301 652 qui
1316 587 1382 632 vo-

300 658 420 714 cantur
450 649 642 720 tursiones².
666 654 803 734 Distant
819 670 853 724 et
878 657 1012 727 tristitia
1034 661 1168 754 quidem
1197 681 1379 758 aspectus:

298 751 392 820 abest
404 753 493 822 enirn
508 753 564 824 illa
575 754 721 844 lascivia,
730 763 873 832 maxime
886 754 1135 838 tarnenrostris³
1148 771 1381 844 canicularum

298 848 743 936 maleficentiae⁴assimulati
1019 886 1035 920 ··

267 995 280 1029 1
353 967 430 1033 XII.
446 957 510 1054 (x.)
524 971 731 1042 Testudines¹
748 988 848 1046 tantae
864 979 1100 1072 magnitudinis
1114 981 1269 1052 Indicum
1283 1010 1383 1055 mare

300 1073 438 1160 emittit,
460 1088 498 1142 ut
522 1076 726 1170 singularum
755 1084 931 1176 superficie
955 1086 1153 1158 habitabiles
1177 1113 1270 1160 casas
1294 1093 1384 1160 inte-

301 1176 397 1270 gant²
418 1201 426 1244 :
451 1195 550 1275 atque
565 1184 689 1254 insulas
704 1188 813 1257 Rubri
835 1193 1003 1287 praecipue
1025 1196 1125 1264 maris
1147 1196 1199 1265 his
1217 1198 1383 1294 navigant

336 1321 387 1376 XI.
401 1341 424 1376 1.
438 1329 624 1394 Delplir'norum,
637 1341 688 1385 etc.
705 1333 816 1386 Aristot.
860 1334 974 1390 videtur.
987 1339 1077 1393 Hann.
1096 1370 1133 1381 -
1145 1345 1321 1410 Deplinorum
1340 1347 1380 1396 si-

300 1407 369 1463 Hist.
389 1409 435 1464 lib.
448 1413 505 1477 VI,
524 1433 581 1486 cap.
598 1434 645 1480 ro,
661 1437 724 1490 pag.
743 1420 814 1473 682:
860 1419 1032 1482 militudinem,
1053 1431 1103 1474 etc.
1119 1423 1178 1474 Jam
1189 1421 1269 1475 docui
1280 1425 1382 1478 coniu-

300 1480 395 1560 ὁμοίως
412 1489 440 1543 tt
458 1500 493 1564 τῷ
509 1491 651 1564 despicienti
667 1501 683 1556 ἡ
698 1499 816 1565 adserva.
860 1498 963 1552 sionem
976 1500 1041 1553 eth.
1051 1501 1381 1575 Lessebelluseedelphi·

300 1569 460 1624 Tursionem
483 1573 603 1642 ρώκαιναν
626 1576 698 1630 Gaza
719 1579 816 1632 vertit:
859 1596 957 1630 norum
970 1591 1064 1648 gente,
1079 1592 1104 1632 et
1115 1580 1222 1635 alterius
1231 1601 1289 1653 quae
1299 1601 1380 1654 squa-

301 1660 327 1702 et
339 1669 401 1704 sane
413 1663 494 1704 recte.
509 1653 551 1706 Sic
567 1657 640 1709 euim
653 1658 737 1710 multo
754 1671 817 1712 ante
859 1659 948 1711 lorum
960 1671 1007 1713 est.
1029 1659 1131 1714 Forsan
1141 1660 1175 1714 de
1190 1681 1223 1714 eo
1236 1681 1324 1715 sermo
1336 1677 1381 1716 est

299 1729 377 1782 illum
394 1731 519 1786 albertus
535 1741 572 1788 M.
587 1735 621 1790 de
635 1738 746 1791 Animal.
765 1739 815 1793 lib.
859 1749 940 1802 quem
954 1731 1033 1784 Linn.
1050 1744 1127 1785 vocat
1147 1732 1305 1804 delphinum
1319 1745 1381 1787 tur-

300 1809 359 1874 VI,
373 1822 448 1865 tract.
468 1813 510 1877 11,
528 1833 589 1887 cap.
611 1835 641 1880 1,
662 1836 724 1889 pag,
744 1837 814 1873 aoo:
858 1812 976 1875 sionem3
993 1811 1040 1865 sed
1052 1812 1122 1864 male
1139 1814 1195 1883 ejus
1208 1812 1299 1866 dentes
1311 1833 1382 1867 cum

300 1889 472 1956 «Phocione,
496 1893 586 1966 inquit
609 1897 663 1963 (sic
685 1897 759 1949 enim
775 1898 816 1959 fle.
858 1891 1038 1944 canicularum
1056 1890 1180 1945 dentibus
1190 1889 1260 1946 'tunc
1278 1892 1381 1946 Noster

252 2012 258 2020 ,
298 1969 815 2046 gendum,nonuticorruptescribitur‚
859 1970 1029 2037 contttllsset3
1051 1983 1077 2024 et
1095 1969 1204 2030 aliunde
1223 1990 1270 2042 per
1293 1971 1381 2064 tithe-

302 2053 420 2120 Οοσανο),
439 2052 487 2124 qui
501 2053 583 2107 latine
595 2054 680 2127 tyrsio
694 2069 815 2120 vocatur,
851 2057 946 2104 maeuin
954 2050 1071 2104 constitit
1080 2053 1179 2117 tyrsium
1189 2050 1232 2142 rel
1243 2065 1383 2145 tersionem

300 2139 326 2180 et
339 2127 467 2200 delphino
485 2151 570 2202 parvo
585 2134 700 2188 multum
714 2135 816 2188 tissimi·
858 2129 1045 2201 apudVeteres
1054 2130 1136 2184 luisse
1145 2131 1270 2184 camculae
1282 2133 1383 2200 (equale

298 2207 383 2276 latur,
396 2209 459 2264 licet
469 2229 524 2263 non
538 2212 571 2264 sit
584 2213 705 2285 ejusdem
718 2215 815 2287 speciei
858 2210 903 2276 L.)
913 2223 1019 2282 partem
1033 2210 1086 2263 sale
1099 2209 1243 2263 conditam.
1257 2209 1380 2263 Cuma.

299 2305 362 2339 oum
379 2288 448 2360 ipso.
472 2290 568 2364 Tyrsio
595 2305 685 2346 autem
710 2293 814 2357 dictus,
894 2309 917 2342 a.
940 2293 1079 2342 Ilersicnes.
1108 2291 1148 2342 De
1169 2289 1382 2382 tursiouenpon·

298 2366 436 2439 praecipue
451 2369 479 2421 in
494 2371 563 2423 mari
582 2371 722 2442 Bosphoro
745 2373 816 2428 inve·
857 2367 956 2424 diendo
984 2382 1113 2442 praecepta
1142 2368 1223 2422 tradit
1250 2371 1379 2462 Apicius,

298 2446 380 2508 nitur,
402 2461 454 2502 etc.
474 2475 487 2498 ι»
506 2451 597 2504 Hssu.
618 2482 653 2492 —
673 2457 813 2507 Tursioues.
857 2449 902 2504 lib.
912 2451 1154 2522 1v‚cap.2‚cujus
1164 2449 1381 2516 lemma‚Patma

298 2525 340 2578 Ex
359 2526 391 2580 iis
410 2547 469 2600 qua
485 2528 519 2582 de
542 2530 660 2585 tursione
676 2531 812 2596 diximus,
853 2532 972 2600 piscium,
986 2543 1036 2584 etc.
1047 2531 1141 2584 Ham).

298 2618 409 2678 apparet
429 2606 526 2662 vanam
555 2628 611 2663 esse
631 2613 814 2684 conjecturam
892 2609 917 2662 3.
931 2613 1032 2662 Rostris.
1047 2609 1181 2663 Canicula
1193 2619 1280 2702 rostra
1289 2626 1380 2702 quum

297 2685 471 2760 nesciocuius
485 2687 691 2762 Pliniomastigis
704 2732 712 2758 ‚
726 2691 814 2744 hallu·
856 2689 1125 2756 babeanttursiones,
1134 2708 1147 2741 a
1157 2687 1381 2781 vensdelpbrnis

298 2765 417 2820 cinatum
427 2767 582 2842 diligentem
593 2770 693 2842 oppido
705 2773 814 2844 scripto
856 2767 899 2824 vel
917 2769 968 2821 bac
987 2780 1063 2841 parte
1079 2782 1150 2823 certe
1170 2767 1316 2840 plurimum
1334 2767 1381 2821 dr-

297 2864 355 2900 rem
384 2848 587 2912 calumniantis,
614 2851 691 2922 quasi
713 2851 814 2924 piscem
857 2861 935 2902 stant.
947 2849 1040 2902 Hiar).
1223 2927 1229 2940 .
1267 2927 1274 2940 .
1336 2929 1341 2940 .

298 2925 375 2978 nobis
397 2926 546 2998 integrum,
566 2949 615 3001 pro
632 2930 716 2982 frusto
734 2931 813 3001 piscis
893 2936 917 2993 4.
934 2932 1114 3000 Maleficeneioe.
1124 2929 1212 3000 Atque
1221 2927 1321 2980 ldcu‘co
1334 2947 1379 2980 m-

298 3005 432 3058 obtulerit.
441 3007 575 3072 Quoniam
586 3007 710 3062 videlicet
723 3010 757 3061 sit
766 3028 814 3062 au·
856 3020 896 3061 ter
910 3008 1008 3061 bestias
1027 3008 1104 3060 Ponti
1123 3007 1271 3070 maleficas,
1291 3027 1379 3100 repo:

298 3094 356 3136 otor
369 3084 523 3148 Athenaeus,
536 3087 735 3160 lib.VII,pag.
748 3089 814 3156 310,
856 3087 928 3139 nitur
951 3087 984 3140 ab
1012 3087 1152 3141 Aristotele
1179 3087 1306 3156 ρώκαινα,
1335 3099 1379 3139 uti

298 3164 424 3234 Θυρσίωνα
436 3183 451 3217 a
464 3166 588 3218 Romanis
605 3168 695 3220 vocari
706 3181 813 3241 partem
856 3166 975 3220 dicemus
985 3170 1045 3251 cap.
1060 3185 1101 3220 ao.
1116 3166 1207 3218 Haeo.

297 3242 440 3314 quamdam
453 3245 555 3298 salitam
569 3245 696 3300 canicula
715 3248 813 3320 piscis,
891 3248 953 3300 XII.
971 3266 994 3300 1.
1010 3249 1160 3299 Tesmdines.
1183 3245 1224 3297 nh
1240 3245 1292 3298 boc
1310 3245 1378 3299 loco

297 3322 345 3392 qui
357 3322 456 3376 Graecis
468 3326 603 3395 καρχαρίας
616 3324 723 3380 dicitur.
738 3335 812 3381 Τοῦτο
856 3329 889 3381 ab
899 3346 931 3380 ea
940 3327 1035 3388 verba,
1045 3333 1137 3378 Femur
1149 3339 1291 3416 etpasaop,
1303 3326 1381 3397 Aga·

297 3409 338 3455 τοῦ
359 3404 434 3469 ἰχθύος
447 3405 516 3475 μέρος
532 3404 596 3468 lori,
615 3404 657 3457 καὶ
673 3408 742 3459 iberi
759 3399 813 3460 Po·
855 3404 1378 3495 tharcbidesbrectotidemverbrsrelert,

296 3483 526 3554 potuissemus<
540 3485 652 3555 θυρσίων,
669 3484 766 3547 ἥδιστος
780 3487 812 3540 ὣν
857 3505 916 3559 cap.
931 3505 973 3555 19,
983 3485 1056 3558 apud
1063 3483 1299 3538 PhotiuminBrbl.
1309 3484 1376 3578 cod.

295 3562 729 3634 seirpupepdraroc.Parscaniculae
734 3567 812 3638 piscis
858 3567 924 3633 250,
934 3585 996 3638 pag.
1010 3565 1086 3634 1349.
1098 3563 1376 3654 Hiram-:Testudmes

296 3641 398 3695 thursio
412 3653 450 3695 est
460 3644 604 3697 Romanis:
621 3643 699 3712 iude,
708 3645 811 3718 inquie-
856 3643 1246 3716 taammagnitudinis.Videlih.
1258 3643 1377 3736 XXXII,

295 3722 341 3775 bat
362 3722 524 3777 conviciator
542 3723 662 3794 ineptus,
680 3743 711 3777 ac
725 3725 809 3796 pessi·
854 3747 913 3799 cap.
930 3733 957 3791 4.
977 3725 1131 3785 Pausanias,
1149 3723 1196 3776 lib.
1210 3725 1240 3786 1,
1255 3741 1373 3778 marinas

296 3820 356 3854 mus
376 3801 560 3867 ratiocinator,
585 3802 685 3854 Plinius
708 3804 809 3876 piscem
854 3807 1021 3860 terrestribus
1035 3805 1175 3859 dissimiles
1189 3817 1294 3858 tantum
1313 3825 1374 3860 esse

295 3881 443 3952 integrum,
462 3882 587 3936 caniculas
606 3882 719 3936 similem
737 3904 809 3938 som·
853 3886 941 3940 scribit
949 3883 1173 3956 magnitudine,et
1181 3883 1373 3956 pedumfigura

239 3971 243 3984 ‘
295 3960 386 4015 niavit.
406 3963 440 4014 Et
457 3965 618 4034 conjecturs
639 3965 702 4018 buic
717 3961 807 4020 tamen
853 3965 939 4018 vitulo
954 3964 1059 4018 marino
1074 3963 1161 4018 simili.
1177 3965 1280 4016 Danao.

295 4041 446 4096 Pellicerius
457 4042 607 4115 ipselavere
616 4044 644 4098 in
654 4046 723 4100 notis
732 4045 806 4100 Mss.
889 4064 913 4097 a.
922 4047 1078 4113 singularum
1085 4046 1228 4114 supefieie..
1236 4047 1372 4112 ,ιἰιιεςαηε.
